2236 3892
242 257 288 346 78
373 251 417 323 C.
443 249 675 322 Constitu
701 247 868 324 Taciti

212 395 215 411 ¹
241 368 402 456 strenuis,
428 365 584 440 solatium
610 367 790 458 invalidis,
811 367 1014 470 exemplum·

241 468 594 544 omnibusostendere.
607 469 744 542 Dehinc
755 499 834 569 quta
845 471 1013 544 duritiam

144 592 146 600 ’
241 569 311 644 caeli
326 568 522 668 nnhueque
535 570 635 642 multi
648 570 864 660 abnuebant
880 569 1014 645 desere
1094 574 1097 582 ’

243 671 417 770 bantque,
440 672 633 744 remedium
649 671 824 745 severitate
838 671 1017 784 quaesttum

245 773 312 846 est.
339 773 411 844 Nec
431 771 550 859 enim,
572 773 665 844 utin
690 771 762 844 aliis
788 767 1019 861 exercitibus,

153 935 156 941 .
201 929 208 943 ,
269 873 396 944 timum
417 829 629 972 alterutitque
643 867 807 944 delicium
826 873 924 946 venia
938 898 1017 970 pto-

244 901 478 1070 icquebatur,
509 971 567 1045 sed
596 973 656 1072 qui
686 972 777 1071 signa
807 973 1020 1071 reliquerat,

245 1073 357 1144 statim
390 1071 498 1172 capite
525 1099 638 1171 poenas
667 1071 792 1144 luebat
822 1072 929 1170 quue
956 1069 1017 1145 usu

218 1239 221 1245 Δ
243 1171 401 1261 salubre,
421 1181 456 1245 &
471 1171 699 1246 misericordia
712 1172 862 1245 meliusa
887 1173 1019 1272 paruit
1020 1234 1023 1238 .

248 1275 374 1376 quippe
401 1275 575 1387 pauciores
593 1273 660 1346 illa
687 1275 787 1346 castra
815 1201 1022 1361 delituere,

249 1375 362 1564 {liiii
373 1401 414 1448 ea
430 1375 466 1446 in
483 1376 606 1478 quibus
621 1373 869 1476 ignoscebatur
892 1371 1024 1448 Annal.

390 1508 403 1570 l
416 1503 445 1570 5·

253 1625 401 1714 Divide
418 1627 637 1726 exercitus,
656 1656 703 1712 ne
721 1650 1026 1741 cormmpanmr.

297 1775 426 1869 Longis
442 1773 551 1870 spatiis
568 1769 701 1842 discreti
721 1773 883 1845 exercitus
894 1772 1024 1873 ‚quod

249 1869 509 1944 saluberrimum
523 1871 569 1940 est
581 1869 623 1940 ad
634 1871 879 1944 continendam
893 1832 1026 1947 inilita-
1105 1895 1106 1964 q

252 1997 326 2044 tem
343 1968 475 2056 fidem,
498 1969 688 2058 nectitiis,
714 1997 778 2044 nec
796 1973 922 2047 viribus
938 1972 1029 2049 mis-
1105 1985 1106 2034 i

253 2071 426 2144 cebantur.
457 2067 539 2141 Hist.
558 2073 642 2156 1,
623 2101 656 2161 9.
1105 2069 1106 2152 Ῑ

257 2219 451 2376 Qui'fi
373 2221 491 2303 ιηὶη
518 2221 553 2302 it
584 2220 763 2304 virtutem
798 2217 1033 2324 exercitus,

396 2366 470 2452 per
500 2333 572 2418 diae
600 2335 791 2450 juspedus
822 2332 883 2446 est.

297 2461 486 2560 Perfidiam
503 2452 712 2573 meditanti,
735 2481 840 2556 infrin
818 2510 921 2558 nete
935 2509 1030 2558 exer-

257 2613 340 2664 crtus
353 2613 515 2662 virtutem
527 2609 708 2662 interartes
720 2609 800 2658 etat
844 2585 952 2673 1.st11,
967 2615 1033 2678 99
1105 2593 1106 2628 ³

316 2733 401 2820 Nec
429 2733 590 2849 difficil
560 2765 597 2820 ts
629 2734 817 2850 corrumpi
848 2731 969 2818 miles.

313 2883 389 2958 Piso
407 2883 608 2986 largitione,
630 2883 779 2972 ambitu,
801 2881 937 2958 infimos
953 2909 1034 2960 ma

261 2985 465 3101 nipularium
480 2984 649 3082 juvando,
670 2983 749 3058 cuin
763 3007 892 3058 veteres
908 3008 1034 3058 centu-

261 3085 535 3176 nones,severos
547 3083 698 3160 tribunos
708 3085 929 3176 demoveret
941 3084 1040 3160 loca
1105 3107 1106 3110 ’

253 3213 333 3288 que
346 3214 466 3268 eorum
479 3185 657 3266 clientibus
671 3184 735 3263 suis
744 3243 756 3282 ,
773 3183 830 3264 vel
843 3183 1043 3286 deterrimq
