2274 3886
212 207 278 289 16'2
330 215 374 286 C.
397 213 666 285 Conusuti
694 209 877 284 TAc'irt

208 337 306 424 coli,
338 333 408 408 duo
437 329 502 406 effe
529 330 713 433 praetoti23
746 322 977 434 petvicacibus

206 438 315 538 magis
335 445 372 510 δε
392 432 639 536 impotentibus
658 429 841 508 mulierum
863 436 974 535 juffis,
1020 473 1025 488 ι

205 566 279 640 quae
306 536 431 638 Oppiis
463 535 640 636 quondam
670 532 810 634 aliisque
841 535 977 636 legibus

204 638 406 728 constridbae,
419 665 508 710 nunc
521 633 639 711 vinclis
649 635 805 710 exsolutis
816 694 826 727 ,
838 635 978 730 domos,

201 739 302 914 prp,
325 748 395 841 jam
413 749 448 813 δε
466 740 629 832 exercitus
644 763 812 841 tegerent.
842 739 973 815 Annal.

270 899 281 932 s
308 873 365 938 33·

202 968 440 1084 Excufiztum
480 991 606 1050 tamen
646 969 681 1052 ἂ
706 967 977 1084 flagrantibus

268 1083 385 1168 Urbis
400 1082 602 1197 flagitiiS,
630 1084 666 1164 d
684 1083 920 1196 seminatum

359 1196 586 1310 Principum
615 1194 814 1312 exemplis·

254 1328 416 1406 Placuiffe
436 1330 613 1430 quondam
633 1329 763 1428 Oppias
787 1327 878 1430 leges
894 1329 915 1418 ‚'
930 1327 976 1402 sic

203 1456 276 1508 tem
302 1432 419 1520 oribus
435 1431 482 1504 tei
508 1429 624 1504 ublicae
640 1427 899 1516 postulantibus:
919 1455 975 1516 te-

203 1461 343 1608 misium
369 1458 504 1633 aliquid
524 1523 663 1632 poi’tea‘,¹
688 1539 725 1604 δε
751 1531 974 1646 mitigatum,

85 1679 88 1686 ‚
203 1637 284 1734 qnia
297 1634 493 1736 expedierit.
508 1635 633 1706 Frustra
644 1632 791 1704 nostram
803 1631 975 1732 ignaviam

203 1737 269 1809 alia
289 1737 333 1808 ad
350 1734 512 1806 vocabula
532 1728 727 1804 transferri:
752 1757 834 1802 nam
855 1733 918 1804 viti
938 1733 977 1807 in

204 1863 246 1909 eo
267 1835 427 1932 culpam,
453 1830 476 1900 si
497 1829 628 1916 femina
648 1827 793 1901 modum
812 1833 976 1908 excedat:

200 1960 302 2034 posto
324 1931 370 2003 ob
394 1929 492 2004 unius
517 1954 574 2002 aut
599 1928 734 2003 alterius
757 1930 977 2009 imbecillum

201 2035 387 2116 animum,
416 2031 505 2102 malb
536 2030 619 2103 etii
650 2031 779 2102 maritis
808 2032 977 2108 consortia

201 2145 316 2206 retum
327 2128 548 2212 secundarum
559 2056 853 2232 adversarumque.
865 2133 977 2210 Simul

202 2231 320 2306 sexum
330 2229 448 2307 natutd
460 2231 650 2306 invalidum
662 2229 789 2322 deseri,
806 2237 976 2335 &exponi

200 2330 265 2408 suo
286 2332 389 2422 luxu,
414 2333 629 2436 cupidinibus
649 2331 790 2408 alienis:
814 2361 879 2408 vix.
892 2362 979 2437 ptae.

201 2433 289 2510 senti
316 2434 465 2509 custodiit
481 2462 628 2514 'manete
656 2433 766 2509 inlaesa
793 2444 975 2537 conjugia:

229 2537 287 2610 uid
306 2533 379 2611 fore
395 2595 405 2627 ‚
429 2535 524 2640 siper
539 2537 650 2640 plures
662 2565 767 2610 annos
780 2537 816 2614 in
830 2537 976 2611 modum

202 2565 337 2710 discidii
363 2637 615 2712 oblitetentut?
650 2637 702 2708 Sic
722 2635 860 2708 obvidm
885 2641 976 2714 irent

201 2739 244 2811 iis
262 2764 335 2838 quae
354 2736 436 2808 alibi
454 2761 693 2836 peccarentur,
714 2761 753 2810 ut
767 2737 976 2839 flagitiorum

202 2839 309 2913 Urbis
330 2835 572 2912 meminiffent.
601 2835 727 2912 Annal.
745 2841 817 2928 111,
843 2867 898 2930 34.

260 2938 410 3014 Addidit
424 2967 528 3044 pauca
544 2937 673 3012 Drusus
691 2938 735 3014 de
752 2941 975 3018 matrimonio

202 3033 288 3109 suo:
312 3069 394 3115 nam
426 3040 636 3142 Principibus
670 3039 827 3114 adeunda
858 3038 975 3144 saepins

201 3137 391 3245 longinqua
428 3144 575 3247 imperii.
635 3141 804 3236 Quotiens
852 3142 976 3223 divum
