2274 3886
334 215 709 294 Pontion.
837 223 914 316 ἰτς

153 399 912 432 μ--ι--ι-ι*

241 500 818 593 XXVH.Luxuu

51 719 54 730 ·
139 684 211 770 Ex
234 685 370 802 opibus
392 685 568 803 rebusque
576 687 758 802 secundis
781 688 911 777 luxus.

197 834 320 932 Opes,
347 843 384 908 δι
410 860 527 911 retum
553 831 779 912 secundarum
806 836 914 914 luxus.

141 931 226 1006 Hist.
246 932 328 1024 III,
349 962 410 1034 45.
434 954 446 969 ²

225 1082 299 1198 Est
320 1075 495 1171 eruditus-
515 1084 666 1202 quidum
693 1085 824 1174 luxus.

196 1231 240 1306 C.
266 1233 429 1308 Petronio
453 1232 525 1306 dies
550 1261 610 1334 per
636 1231 820 1326 somnum,
848 1263 916 1310 nox

139 1331 262 1408 officiis
280 1344 316 1408 &
328 1333 593 1408 oblectamentis
614 1335 690 1409 vitae
709 1335 916 1439 transigeba-

138 1459 207 1509 tur.
220 1436 340 1534 thue
348 1433 430 1507 alios
441 1433 615 1524 industria,
626 1435 673 1508 ita
682 1436 771 1510 hunc
781 1438 918 1538 ignavia

140 1535 191 1608 ad
204 1533 336 1606 famam
348 1533 554 1636 protulerat,
574 1534 764 1608 habebatur
789 1563 831 1608 ue
846 1563 917 1612 uon

141 1660 260 1741 ganeo
274 1643 310 1708 &
321 1635 415 1736 profli
438 1661 533 1725 ator,
547 1659 585 1710 ut
598 1633 751 1735 plerique
764 1564 822 1708 lua
835 1635 917 1710 hau·
975 1671 978 1677 ¹

139 1734 338 1824 tientium,
366 1665 438 1810 sel
450 1736 587 1811 erudito
614 1733 705 1809 luxu.
746 1735 800 1812 Ac
827 1735 918 1810 diua

138 1833 300 1935 factaque
316 1843 386 1934 ejus
399 1839 531 1937 quantb,
540 1834 724 1926 solutiora,
747 1845 784 1911 δι
796 1863 917 1938 quam·

139 1937 223 2010 dam
238 1935 288 2009 sul
300 1935 548 2038 negligentiam
564 1934 799 2039 praeferentia,
818 1941 915 2012 tantb

164 2035 270 2112 tatius
293 2037 330 2110 in
355 2033 502 2134 speciem
525 2037 745 2138 fimplicitatis
769 2039 918 2140 accipie-

138 2065 275 2212 bantur.
318 2136 503 2212 Proconsul
526 2164 642 2216 tamen
664 2138 853 2235 Bithynia,
880 2147 917 2214 δι

138 2265 225 2314 mox
248 2235 364 2312 consul
380 2293 392 2326 ,
421 2239 596 2338 vigentem
612 2236 646 2312 se
663 2267 701 2312 ac
716 2265 834 2339 parem
853 2266 917 2314 ne-

165 2337 248 2412 otiis
266 2335 411 2415 ostendit
429 2367 438 2408 r
463 2338 544 2412 dein
564 2338 734 2414 revolutus
750 2338 795 2410 ad
811 2337 926 2426 vitia,

139 2367 205 2512 leu
223 2435 383 2510 vitiorum
401 2437 662 2525 imitationem,
686 2437 776 2510 inter
794 2457 918 2534 paucos

140 2536 366 2613 familiarium
381 2540 514 2612 Neroni
533 2535 730 2708 adsumlptus
748 2535 819 2623 est,
847 2533 918 2610 ele·

139 2638 266 2742 gantiae
287 2637 439 2726 arbiter,
465 2637 550 2712 dum
572 2636 646 2710 nihi
683 2661 860 2708 amoenum
882 2643 917 2710 δε

136 2737 247 2813 molle
261 2736 435 2812 affluentia
466 2763 559 2830 utar,
578 2736 640 2812 nifi
651 2736 747 2838 quod
759 2737 791 2810 ei
800 2740 920 2824 Petro«¹

71 2871 74 2878 ¹
136 2840 214 2914 nius
236 2766 493 2941 approbavissit.
521 2839 627 2914 Unde
648 2837 778 2914 invidia
790 2834 917 2936 Tigel-

135 2938 223 3030 lini,
244 2936 341 3039 quast
356 2937 513 3016 adversus
526 2939 710 3029 amulum,
728 2948 765 3012 &
777 2934 915 3011 scientia

135 3038 357 3152 uoluptatum
372 3041 552 3146 potiorem.
575 3038 701 3122 Annal.
716 3035 831 3135 XVI,
859 3046 917 3130 18,
