2236 3892
240 146 289 255 it
352 159 395 240 C.
425 166 694 242 Coitiisiii
727 151 910 247 Taciti

292 283 470 360 Indomita
500 290 569 384 ejus
600 286 759 366 libidines
787 293 1003 374 timebantur.

240 385 323 460 Hist.
338 386 403 475 lv,
425 393 483 459 68.

231 569 238 626 ς
280 517 468 658 Princeps
481 537 615 651 foevus
628 605 645 639 ,
678 539 956 636 deindeut'rox.
1096 595 1098 682 4

207 750 227 790 4
247 761 258 786 ‚
285 687 482 761 Domitiani
494 713 613 760 natura
626 713 768 790 piaceps
782 693 820 766 iii
834 696 943 786 itam,
968 709 1001 776 &
1097 689 1098 716 ³

235 794 306 892 qub
330 785 530 878 obscurior,
561 789 604 862 eb
631 789 894 872 irrevocabilioi.
928 801 1001 877 Vit.

233 887 349 994 Agric.
370 889 479 965 XLII.

229 1091 266 1165 X
281 988 434 1066 infensus
445 985 623 1066 virtutibus
631 991 873 1098 Princeps.Vit.
882 996 1000 1101 Agris.

267 1095 324 1166 Li.
547 1127 548 1130 ¹
635 1123 638 1130 ’
795 1109 809 1140 ·

279 1191 501 1269 Domitianus
516 1225 586 1272 non
602 1204 675 1297 jani
689 1223 749 1300 pet
765 1195 941 1273 intervalia
960 1228 998 1274 ac
1097 1231 1098 1234 ¹

224 1293 433 1398 'spiramenta
456 1319 651 1399 tempotum
663 1355 675 1388 ,
696 1296 756 1372 sed
778 1300 942 1373 continuo
962 1311 1000 1375 &

226 1395 321 1472 velut
339 1423 417 1471 uno·
431 1397 500 1473 istu
519 1399 764 1501 rempublicam
786 1399 945 1475 exhausit.
963 1456 997 1478 ..

222 1494 330 1573 Nero'
343 1521 460 1575 tamen
483 1496 644 1584 subtraxit
667 1500 807 1592 oculos,
837 1501 997 1601 jussitque

213 1597 379 1700 scelera,
415 1627 486 1678 non
514 1599 707 1702 spedavit:
742 1604 907 1698 Rtaecipua
931 1601 996 1673 sub

223 1699 431 1776 Domitiano
446 1697 657 1768 miseriarum
672 1719 746 1792 pars
764 1719 849 1782 erat,
874 1697 997 1775 videre

212 1797 401 1898 &aspicit
422 1792 502 1866 ciim
521 1791 656 1895 suspiria
678 1793 788 1866 nostia
807 1792 996 1875 subscribe-

168 1899 171 1904 ’
221 1923 362 1971 ientut:
386 1892 465 1967 ciim
495 1892 699 1970 denotandis
726 1917 779 1967 tot
802 1893 993 1974 hominum

218 1996 400 2098 pailoribus
426 1989 592 2068 sufficeret
617 1995 716 2068 saevus
736 1993 794 2068 ille
817 1994 928 2070 vultus
950 2009 992 2074 δι

123 2097 125 2102 ’
184 2135 187 2140 ·
218 2096 346 2185 rubor,
376 2122 486 2194 aquo
512 2091 545 2168 se
570 2121 687 2168 contra
711 2094 878 2196 pudorem
905 2125 991 2172 inu·

217 2194 345 2276 niebat.
372 2195 447 2273 Vit.
462 2194 577 2296 Agric.
591 2198 703 2280 XLV.

353 2347 572 2463 Iidz'fertima
596 2373 678 2458 tuni
703 2345 854 2434 civitas.

180 2567 187 2590 .-
267 2496 360 2577 Sicut
373 2522 468 2577 vetus
483 2522 559 2576 actas
570 2497 658 2572 ¹uidit
670 2497 754 2598 quid
767 2497 929 2569 ultimum
943 2494 985 2574 in

213 2599 369 2674 libertate
384 2597 488 2686 eliet,
513 2600 560 2670 ita
573 2625 635 2669 nos
651 2597 734 2694 quid
748 2597 785 2667 in
795 2595 979 2687 servitute,

213 2699 376 2802 adempto
405 2721 463 2798 per
491 2694 723 2795 inquisitiones
749 2705 785 2771 &
811 2695 979 2799 loquendi

203 2797 680 2896 'audiendiqueicommetcio
695 2852 728 2873 ..
749 2800 812 2870 Per
831 2797 977 2896 quinde-

210 2902 280 2974 cim
291 2925 416 2985 annos,
436 2897 562 2996 grande
575 2897 727 2972 mortalis
736 2898 796 2970 aevi
806 2896 974 2998 spatium,

210 2996 312 3073 inuiti
341 2997 487 3072 fortuitis
516 2995 673 3087 casibus,
702 2995 974 3100 'promptissimus

210 3097 350 3202 quisque
378 3095 501 3174 {aviiii
529 3099 691 3200 Principis
719 3096 972 3172 inteicideruiit.

871 3195 972 3272 Pauci
