2274 3886
333 145 699 236 PotartcA.
840 177 912 261 167

134 276 322 358 familiares
353 282 480 354 nostras
509 279 564 352 hlc
593 307 803 382 augeamus,
831 311 913 360 cum

78 437 93 448 -
133 382 265 458 invidia
278 380 412 458 senariis
428 393 462 456 &
473 379 690 482 Principum,
712 381 778 458 five
793 385 912 458 indul-

133 485 239 559 serint
257 483 500 584 largitionem,
526 481 591 558 srve
606 483 796 559 abnuerint.
828 487 910 562 Non

135 589 234 658 enim
260 611 375 687 preces
396 583 473 658 sunt
497 584 609 674 istuc,
632 582 692 660 sed
713 586 909 688 efflagitatio

132 686 375 787 intempestiva
391 685 533 786 quidem
549 694 586 760 δι
599 685 805 787 improvisa,
827 687 910 764 etim

133 787 212 861 aliis
237 789 282 861 de
304 787 398 862 rebus
418 787 641 862 convenerint
665 812 798 890 patres,
823 817 909 864 con-

131 887 295 990 surgere,
320 899 355 964 &
375 915 519 963 numero
533 913 635 989 atque
652 913 746 965 aetate
761 888 906 965 liberitm

131 986 273 1062 suorum
285 1017 406 1092 urgere
421 989 621 1063 modestiam
637 986 793 1081 senattls,
813 1017 910 1064 eam-

135 1089 219 1164 dem
241 1091 315 1165 vim
337 1093 375 1162 in
397 1117 454 1164 me
474 1089 725 1180 transmittere,
751 1121 789 1164 ac
812 1093 909 1167 velut

134 1189 347 1294 perfringere
361 1192 537 1265 aerarium:
561 1191 655 1290 quod
673 1191 700 1264 sr
716 1192 907 1269 ambitione

135 1291 418 1398 exhauserimus,
448 1319 508 1396 pet
533 1290 656 1368 scelera
681 1291 909 1396 supplendum

134 1394 210 1468 erit.
230 1394 342 1469 Dedit
353 1394 436 1484 tibi,
453 1393 614 1483 Hortale,
630 1394 726 1469 divus
739 1395 910 1496 Augustus

159 1496 339 1585 ecuniam,
361 1492 506 1570 sednon
523 1493 768 1595 compellatus,
789 1522 852 1568 nec
866 1494 908 1569 ed
1010 1541 1012 1548 ,

132 1519 211 1697 lege
223 1621 260 1670 ut
269 1595 401 1698 semper
410 1593 770 1695 dareturtlanguescet
780 1593 910 1694 alioqui

122 1695 319 1786 industria,
343 1695 541 1772 intendetur
558 1693 712 1768 socordia
723 1719 743 1785 ,·
757 1693 781 1769 st
795 1695 907 1770 nullus

133 1794 227 1870 exse
249 1824 384 1887 metus,
409 1823 467 1872 aut
480 1797 575 1899 spes,
600 1806 637 1872 δι
657 1794 763 1870 securi
783 1823 905 1885 omnes

133 1896 244 1972 aliena
257 1898 402 1974 subsidia
415 1897 673 2000 exspectabunt,
696 1896 757 1972 fibi
767 1898 908 1998 ignavi,

132 1999 234 2074 nobis
265 2029 446 2102 graves...
487 2006 559 2072 Hac
589 2006 661 2072 calm
697 1999 906 2097 respondisset

132 2105 276 2172 Hortalo
290 2155 305 2188 ,
336 2104 464 2173 addidit
491 2101 666 2186 Tiberius,
696 2097 850 2175 ceterum
877 2095 903 2173 li

132 2201 286 2303 patribus
305 2203 500 2290 videretur,
528 2199 686 2275 daturum
707 2201 821 2276 liberis
839 2199 904 2274 du-

133 2330 220 2376 cena
247 2300 392 2376 sestertia
415 2301 574 2404 lingulis,
599 2302 659 2400 qui
680 2299 772 2374 sextis
799 2300 905 2374 virilis

134 2401 254 2476 efferat.
280 2403 385 2503 Egere
399 2403 455 2476 alii
470 2427 603 2505 grates,
622 2399 710 2472 filuit
724 2399 906 2488 Hortalus,
1010 2443 1013 2454 ι

135 2529 286 2605 pavore,
314 2533 358 2578 an
375 2506 469 2579 avirae
485 2501 673 2578 nobilitatis
694 2500 799 2574 etiam
817 2498 924 2570 inter-

136 2606 299 2707 angustias
310 2604 454 2680 fortunae
466 2606 634 2681 retineusr
647 2627 760 2702 neque
769 2597 907 2672 misera-

138 2731 188 2778 tus
201 2709 246 2782 est
259 2710 397 2810 posthac
410 2706 591 2796 Tiberius,
611 2703 766 2805 quamvis
781 2699 906 2776 domus

137 2807 305 2884 Hortenlii
321 2806 521 2911 pudendam
539 2809 583 2884 ad
595 2807 746 2914 inopiam
764 2802 904 2880 delabe·
996 2823 1004 2834 ’

135 2932 236 2984 tetur.
256 2909 451 3002 Annalzll,
474 2917 530 3005 38.
610 2940 611 2950 ¹
