2274 3886
238 195 311 261 166
362 187 406 259 C.
434 185 694 257 Connrrrr
721 179 904 250 Tntrrr

238 344 338 450 Quae
353 371 377 424 α
399 335 548 424 Tiberio
562 336 697 422 levnrae
713 358 783 417 aut
795 313 1006 436 multatae?¹

280 507 334 578 Ut
342 504 517 577 honestam
526 501 761 575 innocentium
767 521 1008 598 paupertatem

232 606 376 694 levavit,
390 606 438 678 ita
449 605 609 706 prodigos
621 614 656 678 δι
669 601 715 674 ob
726 599 852 700 flagitia
863 624 1006 702 egentes

231 709 341 782 movit
362 705 505 796 senatu,
531 732 588 779 aut
608 702 727 805 sponte
754 696 875 775 cedere
895 700 1005 803 passus

230 810 286 881 est.
312 808 438 882 Annal.
454 810 513 897 ll,
537 816 595 899 48.
669 865 673 874 ,

230 941 403 1031 Iuvabat
426 971 569 1058 quoque
593 936 791 1056 Augustus
805 1002 822 1036 ,
851 965 899 1022 ne
918 939 1000 1048 cla7

274 1054 597 1174 riffimaefanziliae
613 1055 953 1172 'exstinguerentura

282 1213 338 1280 M.
346 1211 528 1289 Hortalus,
542 1229 647 1304 nepos
659 1201 978 1277 oratorisflortenfii
986 1221 1001 1290 ,¹
1022 1265 1028 1280 ,

225 1307 368 1382 inlatus
381 1336 401 1381 n
415 1306 496 1381 divo
504 1305 656 1406 Augusto
669 1302 870 1377 liberalitate
884 1304 999 1378 decies

224 1409 363 1486 sestertii
374 1409 497 1483 ducere
510 1433 675 1493 uxorem,
694 1403 857 1507 suscipere
871 1403 1000 1479 liberos

224 1538 269 1586 ne
285 1510 461 1586 clarissima
474 1507 606 1583 familia
618 1508 890 1612 exstingueretur.
901 1505 997 1581 Ann.

224 1616 281 1702 ll,
306 1645 361 1709 37.

223 1777 328 1862 Idem
350 1777 569 1880 Hortalus,
598 1799 759 1886 quatuor
768 1777 876 1889 filiis
902 1800 993 1859 ante

280 1889 396 1972 limen
427 1889 542 1971 curioe
575 1886 843 1998 afflantibus,
878 1891 993 2002 austes

280 2005 323 2086 in
345 2005 525 2116 senatu,
553 2002 738 2115 praesente
776 2002 990 2116 Principe,

275 2115 359 2199 loco
378 2116 582 2232 sententiae
602 2115 807 2230 pecuniam
827 2141 988 2230 petere,

233 2301 235 2308 .
276 2231 494 2346 repulsama
511 2227 659 2312 Tiberio
666 2229 798 2344 paffits
811 2229 886 2344 est:
906 2225 988 2340 leve

273 2371 402 2431 tamen
408 2344 584 2462 solamen
593 2343 702 2458 filiis
721 2345 903 2430 additum.

265 2510 299 2583 Si
310 2509 478 2610 quantirrn
491 2536 676 2611 pauperum
690 2509 754 2595 est,
767 2510 883 2582 venire
898 2505 963 2580 huc
971 2563 983 2598 ,

142 2618 145 2625 ’
217 2617 254 2683 δι
275 2609 389 2688 liberis
410 2609 481 2684 suis,
494 2635 608 2708 petere
627 2608 782 2707 pecunias
803 2607 954 2711 ceperint
971 2638 982 2704 3

215 2708 337 2811 srnguli
361 2735 551 2809 numquam
569 2706 843 2799 exsatiabuntur,
869 2706 984 2810 r‘espu-

216 2808 305 2884 blica
319 2808 478 2884 deficiet:
503 2833 565 2882 nec
580 2805 655 2880 sane
671 2807 752 2881 ideo
765 2837 786 2882 a
797 2810 984 2909 majoribus

214 2908 407 2986 conceffunr
432 2913 478 2984 est
498 2908 614 3010 egredi
635 2908 818 3009 aliquando
840 2910 982 2985 relatio·
1051 2908 1054 2919 '

214 3037 321 3099 nem,
354 3022 388 3086 &
436 3010 505 3084 uod
533 3011 569 3081 in
594 3038 779 3084 commune
803 3009 879 3084 loco
902 3007 982 3087 sen-

213 3111 326 3190 tentiae
342 3039 516 3214 proiietre,
537 3135 575 3185 ut
595 3113 722 3215 privata
741 3113 904 3213 negotia,
927 3117 979 3186 r'es
