2274 3886
371 179 742 256 Porrr'rc'nl
874 205 944 288 157,
1022 207 1025 215 ·

168 333 367 433 Mlitoris
390 338 624 424 educationis
647 337 941 536 egrepiumspeq

351 453 475 538 cimon
500 453 543 537 iu
567 455 714 570 Agrico
731 455 768 540 ἅ.

219 615 336 691 Prima
351 617 536 690 castrorum
551 615 745 692 rudimenta
757 619 794 692 in
806 617 944 694 Britan-

80 759 83 764 ·
170 715 229 792 nial
240 718 404 792 Suetonio
417 718 572 791 Paullino
585 717 744 820 diligenti
758 749 796 793 ac
813 719 942 795 mode-

170 843 246 892 rato
259 819 339 892 duci
350 818 566 919 approbavit,
582 817 707 894 ele&us
717 874 728 909 ,
740 847 845 919 quem
859 848 943 896 con-

171 919 332 994 tubernio
345 921 531 993 aestimatet.
541 921 616 994 Nec
628 919 790 1021 Agricola
802 921 943 996 licenter

172 1046 271 1094 more
281 1027 469 1119 juvenum,
508 1020 714 1094 uimilitiam
726 1022 763 1096 in
775 1020 945 1096 lasciviam

171 1145 334 1208 vertunt,
358 1147 471 1220 neque
483 1047 631 1222 legniter
646 1121 691 1196 ad
705 1121 944 1225 voluptates&

172 1245 387 1294 commeatus
413 1220 552 1295 titulum
575 1221 764 1297 tribunatius
791 1234 826 1298 δι
847 1220 946 1322 insci·

156 1323 262 1396 ¹tiam
288 1320 431 1396 retulit:
459 1320 517 1396 sed
547 1321 684 1398 noscere
709 1324 948 1425 provinciam,¹

174 1419 272 1498 nosci
291 1421 477 1512 exercitui,
504 1421 630 1498 discere
651 1454 671 1497 a
691 1425 831 1526 peritis,
852 1422 948 1522 sequi
1054 1433 1058 1440 '

135 1587 137 1590 .
177 1552 201 1596 o
226 1523 350 1610 timos,
365 1521 450 1596 nihil
466 1549 625 1626 appetere
640 1526 842 1623 jactatione:
860 1522 947 1595 nihil

175 1551 226 1697 ob
238 1619 459 1698 formidinem
472 1622 640 1714 recusare,
652 1623 819 1725 simulque
832 1623 949 1698 anxius

173 1735 215 1801 δι
228 1723 379 1799 intentus
396 1752 506 1826 agere.
537 1725 613 1802 Vit.
626 1724 744 1828 Agric.
754 1728 800 1803 V.

171 1874 483 1994 Philofhplzicae,
517 1877 560 1962 iu
587 1874 768 1996 Helvidio
797 1875 948 1996 Pnfcot

157 2061 160 2070 ·
229 2029 405 2103 Helvidius
440 2025 574 2120 Priscus
608 2025 787 2129 ingenium
822 2027 950 2104 illustre
1045 2091 1062 2102 ..

176 2125 359 2203 altioribus
370 2127 484 2201 studiis
494 2128 624 2229 juvenis
634 2129 825 2204 admodum
833 2129 952 2204 dedite

177 2257 280 2320 non,
300 2254 339 2304 ut
355 2227 533 2332 plerique,
553 2255 591 2306 ut
606 2231 749 2305 nomine
766 2229 954 2332 magnifico

176 2329 283 2433 segne
297 2331 408 2404 otium
419 2331 573 2420 velaret,
591 2329 650 2403 sed
662 2333 732 2429 qub
745 2330 875 2402 firmior
888 2329 953 2402 ad-

178 2431 297 2506 verslrs
320 2428 459 2507 fortuita
485 2427 736 2530 rempublicam
760 2427 954 2529 capess'eret.

180 2531 345 2623 Histlv,
370 2562 427 2656 ς..

180 2665 383 2796 Forensis,
398 2681 587 2800 injuvcne
601 2707 750 2770 oratore
760 2677 955 2766 Romano:

227 2835 340 2937 ‘Apud
353 2845 499 2936 majores
512 2813 639 2904 nostros
651 2830 780 2930 juvenis
794 2826 874 2916 ille,
895 2827 956 2928 qui

183 2931 259 3008 foto
287 2947 324 3012 &
351 2933 554 3036 eloquentiae
579 2932 781 3031 parabatur,
803 2927 955 3003 imbutus

184 3042 254 3133 jam
263 3029 802 3133 domesticidisciplini,refertus
810 3029 957 3104 honestis

184 3135 326 3230 studiis,
350 3132 583 3215 deducebatur
596 3155 752 3233 aparte,
775 3131 831 3210 vel
844 3160 864 3206 a
877 3153 958 3230 pto:
