2236 3892
351 102 728 180 Pocrrren
874 122 926 206 ἠ
1023 149 1025 154 ·

152 255 224 306 non
236 249 352 316 arma,
368 254 438 298 non
449 225 547 325 e'qui,
563 252 633 298 non
645 247 803 324 penates:
821 226 927 310 vidui

150 331 286 418 herba,
313 327 447 400 vestitui
474 324 579 428 pelles
597 381 609 414 ,
635 325 755 400 cubile·
774 328 928 402 humus:

151 429 222 505 sola
238 431 279 502 in
293 425 421 528 sagittis
438 424 457 498 s
476 454 521 501 es.
539 479 573 499 ..
598 425 766 526 Idemque
784 453 928 503 venatus

151 531 243 605 viros
256 528 381 631 pariter
394 556 433 600 ac
446 453 591 600 seminas
606 525 675 600 alit.
689 582 697 599 .
713 580 721 596 .
741 529 815 602 Nec
830 527 929 604 aliud

151 629 358 714 infantibus¹
376 625 527 702 ferarum
557 625 789 726 imbriumque
821 626 926 704 suffu-

155 733 275 834 gium,
292 728 396 829 quim
413 754 456 801 ur
469 728 506 800 in
523 725 638 826 aliquo
648 753 822 802 ramorum
837 757 926 805 nexu

155 856 382 930 contegantur
398 859 406 900 ε
430 829 497 901 huc
515 827 661 902 redeunt
676 836 839 928 juvenes,
859 831 925 904 hoc
1014 860 1016 867 ’

153 931 277 1006 senum
300 927 613 1032 receptaculum...
631 929 753 1014 ¹Securi
771 929 926 1025 advenire

156 1032 335 1120 homines,
349 1028 456 1104 securi
468 1027 623 1102 adversus
636 1028 737 1119 deos,
754 1057 828 1104 rem
839 1029 928 1104 diffi-

158 1127 326 1206 cillimam
346 1129 495 1204 adsecuti
513 1128 612 1217 sunt,
635 1155 673 1202 ut
694 1129 761 1203 illis
782 1159 827 1206 ne
847 1133 928 1206 voto

158 1233 304 1334 quidem
317 1258 401 1334 opus
417 1227 464 1302 sit.
473 1231 530 1304 De
542 1229 930 1312 Morib.Germ.XLV1.

199 1384 525 1471 Dominutionum
540 1382 602 1467 vis
619 1382 661 1465 in
677 1367 899 1470 concordus(

213 1531 315 1626 Apud
327 1535 552 1632 Seleucenses,
568 1533 712 1627 trecenti
722 1561 744 1604 o
769 1532 862 1621 ibus,
875 1558 933 1608 aut

159 1623 326 1734 sapientis
340 1629 459 1702 delesti
474 1685 484 1718 ‚
511 1654 549 1702 ut
562 1628 717 1704 senatus:
737 1559 795 1704 sita
805 1660 851 1734 po
876 1633 934 1707 ulo

134 1787 139 1799 .
157 1733 233 1819 νίς,
257 1729 463 1828 &quotiens
481 1730 666 1804 concordes
684 1757 790 1832 agunt
806 1789 823 1821 ‚⁴
841 1658 933 1835 sidet-⁴

157 1834 252 1908 nitur
268 1829 409 1904 Parthus
426 1860 434 1902 ε
458 1830 517 1903 ubi
534 1829 737 1920 dissensere,
762 1832 847 1906 dum
869 1833 931 1909 fibi

157 1929 303 2034 quisque
313 1957 432 2004 contra
447 1929 583 2006 aemulos
597 1929 781 2024 subsidium
797 1959 932 2026 vocant,

159 2035 286 2107 accitus
310 2033 348 2104 in
368 2058 524 2132 partem,
550 2031 707 2107 adversus
731 2059 854 2106 ornnes
873 2062 934 2110 va·

160 2134 265 2208 lescitss
290 2132 421 2206 Annal.
440 2135 519 2220 Vl,
537 2161 596 2224 42.
667 2226 670 2231 .

163 2285 296 2398 Qudm
307 2286 493 2401 flagrans
519 2284 739 2369 dominandi
764 2280 936 2400 cupido?
1040 2249 1043 2254 ἱ

219 2433 357 2533 Cupido
380 2434 588 2508 dominandi
611 2434 738 2506 cunetis
763 2429 938 2506 affectibus
1013 2490 1019 2506 .

164 2534 359 2637 flagrantior
381 2535 438 2636 est.
465 2534 594 2608 Annal.
611 2533 695 2621 XV,
719 2559 775 2628 53.

371 2684 490 2812 Nihil
512 2687 547 2768 ei
561 2685 730 2790 strenam.

211 2833 432 2908 Pharasmani
448 2831 571 2932 cupido
587 2821 684 2932 tegni
702 2827 805 2902 fratte
819 2835 855 2900 δε
868 2823 936 2900 filia

164 2936 273 3038 potior
298 2971 322 3024 ‚·
352 2931 554 3033 animusque
583 2929 762 3008 sceleribus
789 2953 938 3031 paratus.

165 3033 291 3116 Amal.
308 3035 383 3112 X11
397 3089 409 3124 ‚
434 3033 494 3124 47'.
