2274 3886
271 237 343 324 '148
388 223 440 306 C.
465 231 725 302 Conuenit
755 217 939 306 Ticini

446 381 651 501 Scriptoris
671 385 824 501 pericu!
847 449 857 471 .

754 505 766 536 .

267 594 272 603 ·
322 547 485 652 Reperies
521 547 1031 637 uiobsrmilitudinemmorum3
1058 542 1085 552 ”

269 647 378 724 aliena
405 575 583 724 malelleu
610 649 673 722 fibi
699 649 862 748 objetiari
893 673 1028 750 putent:

268 753 375 824 etiam
402 748 510 851 gloria
536 778 574 822 ac
599 751 704 823 virtus
729 747 877 822 infensos
906 750 1029 837 habet,

267 877 305 925 ut
327 851 429 924 nimis
453 877 493 924 ex
517 851 711 954 propinquo
733 847 862 923 diversa
882 875 1029 953 arguens.

264 947 391 1026 Annal
411 953 476 1041 1V,
497 978 553 1043 33.
610 990 613 995 ·

460 1099 640 1214 Historia
662 1101 831 1186 materia.
870 1113 874 1120 “
906 1114 911 1127 ‘

320 1249 461 1350 Exsequi
483 1249 666 1336 sententias
684 1249 776 1322 haud
798 1249 946 1338 institui,
974 1245 1031 1323 nist

177 1426 179 1429 .
262 1350 406 1451 insignes
418 1378 477 1454 pet
491 1352 690 1442 honestum,
702 1376 759 1424 aut
771 1349 914 1424 notabili
927 1350 1031 1425 dede-

262 1479 342 1526 core
357 1483 365 1525 :
384 1451 479 1554 quod
493 1453 696 1555 praecipuum
710 1479 831 1526 munus
841 1450 1029 1527 Annalium

261 1581 365 1643 reor,
388 1582 432 1629 ne
446 1555 585 1630 virtutes
600 1551 782 1642 sileantur,
804 1578 907 1652 utque
923 1552 1030 1651 pravis

261 1655 363 1728 (lieris¹
376 1653 538 1753 fastisque
557 1683 597 1728 ex
618 1655 809 1754 posteritate
831 1664 866 1728 δι
887 1649 1030 1725 infamis

258 1779 372 1828 metus
384 1753 433 1824 sit.
461 1753 586 1823 Annal.
603 1755 678 1838 ΙΙΙ,
703 1763 725 1819 6
729 1779 760 1846 5.

300 1852 389 1923 Non
417 1850 524 1922 modo
547 1847 636 1922 casus
661 1848 866 1947 eventusque
890 1872 1031 1941 retum‚'

255 1951 318 2049 qui
343 1948 545 2050 plerumque
574 1947 707 2021 fortuiti
730 1947 834 2036 sunt,
864 1946 923 2024 sed
942 1955 1031 2028 ratio

255 2050 361 2122 etiam
374 2047 543 2148 causaeque
560 2047 749 2123 noscantur.
776 2049 859 2122 Hist.
875 2053 914 2140 l,
937 2083 976 2146 4.

308 2150 393 2221 Non
416 2145 485 2222 fine
509 2147 569 2222 usu
598 2145 700 2222 fuerit
725 2146 942 2248 introspicere
968 2153 1032 2228 illa

255 2248 367 2350 primo
389 2246 521 2352 aspersiu
539 2248 649 2341 levia,
677 2278 717 2326 ex
733 2247 807 2350 quis
821 2273 1029 2349 magnarum

252 2349 337 2453 stepo
361 2375 475 2426 rerum
493 2376 607 2426 motus
631 2352 795 2428 oriuntur.
816 2349 942 2426 Annal.
959 2355 1030 2448 IV,

255 2455 336 2545 izv
896 2487 899 2495 ·
1024 2453 1028 2458 ’

406 2605 611 2722 Exemplis
637 2604 856 2716 illustretur..

297 2753 378 2824 Haec
390 2751 522 2853 aliaque
536 2781 576 2829 ex
587 2752 693 2828 veteri
708 2753 874 2846 memorii
888 2753 1022 2856 petita,

248 2851 381 2944 quoties
400 2879 452 2926 res
470 2853 628 2953 locusque
649 2881 746 2928 exem
772 2854 803 2928 la
829 2857 934 2945 recti,
963 2882 1025 2933 aut

248 2947 365 3026 solatia
379 2951 460 3027 mali
473 2955 606 3055 poscet,
624 2955 716 3032 haud
729 2883 1030 3046 alsurdomemm„

157 3093 159 3098 ι
248 3050 408 3132 rabimus.
428 3056 512 3134 Hist.
527 3059 606 3150 111,
627 3083 683 3155 51·
