2274 3886
244 193 336 256 ‘⁹120
388 167 931 253 denintunam

199 319 202 326 ’
263 300 385 373 domos
412 292 556 368 tentati:
582 289 714 365 Oscum
737 295 915 394 quondam
937 293 1024 370 ludi-⁴

265 424 359 474 crum
378 393 543 470 leviffimae
561 392 651 492 apud
665 391 807 496 vulgum
827 396 1025 486 obledatioe,

261 499 335 586 nis,
360 498 402 570 ed
415 494 622 597 flagitiorum
636 503 671 568 &
681 494 810 569 uitium
824 496 970 587 veniffe,
986 523 1021 571 ut

259 598 457 672 auctoritate
470 619 604 698 patrum
621 595 850 669 coercendum
865 597 915 671 fit.
939 595 1021 674 Pulsi

258 722 334 773 tum
347 698 521 771 histriones
535 693 642 769 ltalia.
665 692 868 788 Annal'.1V,
888 727 943 790 14.

257 847 403 950 Fauit,
418 847 492 964 sed
504 845 634 1045 poflleff
644 844 784 960 soeuire
803 849 1019 966 coadusefl

624 989 698 1046 ero.

296 1096 480 1173 Ludicram
488 1123 625 1200 quoque
633 1095 1017 1188 licentiam,&fautotes

249 1197 452 1278 histrionum
466 1198 607 1274 velutin
621 1198 739 1302 psoelia
749 1202 937 1292 convertit,
958 1205 1020 1276 im·

249 1302 452 1405 punitate&
466 1300 633 1404 praemiis,
651 1326 754 1402 atque
768 1299 837 1403 ipse
850 1303 1017 1394 occultus,

251 1412 289 1477 &
306 1401 506 1502 plerumque
520 1406 635 1475 coram
653 1399 887 1504 prospedans:
906 1404 1015 1479 donec

249 1501 398 1577 discordi
414 1503 563 1604 populo,
587 1513 624 1578 &
643 1502 804 1605 gravioris
818 1502 931 1579 mouis
946 1531 1014 1578 ter-

157 1627 165 1644 ·
248 1630 347 1695 tore,
366 1633 438 1678 non
451 1604 544 1679 aliud
557 1605 749 1680 temedium
763 1629 934 1706 repertum
948 1607 1011 1696 est,

249 1706 355 1804 qudm
383 1730 422 1777 ut
453 1705 626 1776 histriones
657 1703 753 1774 ltalia
807 1704 1015 1796 elletentut,

160 1861 163 1865 .
245 1801 412 1899 milesque
422 1803 554 1877 theatto
562 1797 693 1881 rursum
702 1731 805 1875 adfid

247 1903 359 1988 XIII,
380 1927 438 1997 25·

244 2049 310 2136 At
334 2047 408 2166 ipse
434 2044 562 2160 histrio
586 2050 629 2136 in
651 2050 823 2142 ludorum
836 2052 1014 2170 ficrorem
1110 2013 1111 2075 i

478 2193 480 2197 ’
506 2170 733 2282 prorumpit.
861 2271 864 2278 Ι

288 2292 400 2372 Vetus
409 2293 461 2371 illi
469 2297 566 2398 copia
575 2295 820 2372 eratcurriculo
828 2293 1014 2411 quadriga⁴

796 1801 1014 1884 etet.Annal.
1111 1875 1112 1878 ,

241 2421 319 2472 tum
332 2395 498 2489 insistere,
512 2425 575 2474 nec
589 2399 701 2473 minus
715 2394 848 2472 foedum
860 2397 1010 2474 studlum
1107 2451 1108 2475 i

171 2517 173 2522 '
239 2495 368 2572 cithatd
379 2495 594 2573 ludicrumin
606 2500 752 2574 modum
765 2524 907 2586 canere,
924 2497 1007 2572 edm
1106 2583 1107 2604 ἦ

224 2613 430 2673 uenatu...
457 2601 530 2673 Nec
553 2609 625 2695 jam
652 2599 715 2672 fisti
738 2621 895 2699 poterat,
922 2595 1006 2677 cium

237 2700 370 2772 Senecae
387 2724 424 2768 ac
437 2699 544 2769 Burro
557 2697 690 2785 visum,
710 2723 754 2770 ne
768 2723 909 2799 utraque
922 2725 1002 2802 per·
1105 2717 1106 2741 ¹

235 2793 1001 2898 vincetet,alterumconcedetezclausumque

235 2897 323 2972 valle
347 2894 512 2974 vaticana
538 2895 710 3000 spatium,
733 2898 771 2973 in
798 2927 867 3000 quo
894 2924 1000 2997 equos

235 3021 396 3096 regeret,
430 2995 521 3070 haud
556 2997 747 3115 pfomiscuo
781 2997 1000 3100 speuaculo:
1047 3016 1055 3028 ·

236 3120 318 3174 mox
356 3099 446 3174 ultro
478 3125 591 3176 vocati
621 3100 762 3206 populus
796 3101 999 3189 Romanus,

775 3196 1000 3299 laudibusque
