2236 3892
237 62 246 98 N

187 162 233 225 14
297 132 840 214 oconmu'srmr

179 252 237 330 vel
252 253 277 327 st
293 255 427 352 evenit,
449 254 541 330 haud
565 253 723 332 diuturna
742 259 807 335 effe
829 259 949 364 potesta

177 355 309 432 ‘AnnaL
326 357 391 445 IV,
413 378 469 451 33.

177 476 354 593 Formam
379 478 517 562 mixtae
538 459 821 592 dominationis!
824 477 948 594 primi

355 617 547 679 tentavere
577 591 771 677 Germani.

225 727 284 800 De
306 723 494 798 minoribus
514 724 612 800 rebus
631 726 797 839 principes
814 718 947 800 consul⁴

179 847 276 916 tant,
300 825 344 899 de
367 826 551 927 majoribus
570 853 715 900 omnesz
736 850 783 900 rra
801 851 917 900 tamen
935 885 948 918 ,

177 949 217 998 ut
244 953 285 999 ea
310 953 474 1026 quoque,
502 954 665 1042 quorum·
679 953 780 1028 penes
809 926 948 1029 plebem

179 1025 357 1098 arbitrium
373 1029 440 1114 est,
459 1029 548 1129 apud
562 1029 670 1129 princr
694 1054 728 1100 es
741 1032 947 1128 permen<

177 1150 241 1200 tur.
264 1127 322 1200 De
336 1127 469 1226 Morib.
481 1132 644 1202 German.
658 1057 722 1202 il.

176 1261 256 1349 Pro
266 1263 459 1350 leontinum
471 1265 625 1380 ingenio
639 1263 674 1350 ἃ
687 1263 823 1380 opibus
835 1261 945 1354 veria

474 1409 644 1495 imperta.
718 1423 725 1441 ·

141 1527 147 1538 '
224 1513 406 1588 Gothones
417 1538 600 1616 regnantur
611 1513 725 1618 paullo
735 1522 806 1613 jam
818 1512 948 1588 adduc-

175 1605 264 1702 tius,
287 1616 392 1716 quim
407 1641 523 1690 ceterae
537 1620 791 1690 Germanorum
807 1639 946 1712 gentes,

174 1713 332 1786 nondum
360 1739 476 1784 tamen
506 1715 604 1809 supra
634 1711 838 1783 libertatem.
885 1712 945 1785 De
972 1798 976 1806 Ι

173 1811 306 1884 Morib.
322 1815 486 1883 German.
501 1811 631 1882 XLssl.

226 1911 279 1982 Est
308 1908 397 2009 apud
427 1912 571 1981 Suionas
599 1919 635 1984 &
661 1908 781 2009 opibus
812 1909 944 2000 honos,

51 2007 53 2012 ’
175 2008 285 2108 eisque
316 2037 401 2082 unus
428 2009 632 2106 imperitat,
665 2008 767 2082 nullis
791 2019 863 2110 jam
889 2036 947 2082 ex-

175 2109 410 2208 ceptionibus,
434 2136 504 2180 non
525 2109 676 2208 precario
700 2117 772 2205 jure
792 2109 945 2211 parendi.

173 2211 231 2284 De
252 2208 383 2282 Morib.
408 2213 572 2284 German.
588 2210 719 2284 XLlV.

226 2309 392 2396 Suionum
430 2309 587 2411 gentibus
621 2311 780 2384 Sitonum
824 2333 943 2410 gentes

135 2442 138 2446 ·
174 2410 426 2500 continuantur.
452 2414 579 2486 Cetera
595 2409 740 2500 slmiles,
763 2437 832 2484 uno
847 2407 946 2484 diffe-

175 2535 273 2602 tunt,
287 2513 382 2612 quod
393 2509 524 2589 femina
535 2511 749 2586 dominatur:
762 2513 798 2583 in
812 2535 945 2583 tantum

175 2637 247 2684 non
265 2613 371 2684 modi>
388 2641 408 2683 a
425 2613 579 2684 libertate
597 2666 608 2696 ,
633 2610 691 2682 sed
714 2609 816 2682 etiam
840 2637 859 2680 a
877 2607 945 2682 ser-
999 2626 1001 2632 '

175 2712 282 2784 vitute
307 2710 526 2812 degenerant.
561 2711 620 2782 De
636 2707 769 2782 Motib.
782 2714 947 2786 German.

177 2811 292 2888 XLV.
376 2843 384 2850 ·

264 2930 428 3018 Summae
452 2933 691 3046 paupertatis
726 2959 862 3013 mores.

231 3063 353 3140 Fennis
373 3065 460 3139 mira
476 3062 614 3158 feritas,
638 3063 729 3140 foeda
743 3088 942 3168 paupertas.
