<?xml version="1.0" encoding="UTF-8"?>
<!DOCTYPE html PUBLIC "-//W3C//DTD XHTML 1.0 Transitional//EN"
    "http://www.w3.org/TR/xhtml1/DTD/xhtml1-transitional.dtd">
<html xmlns="http://www.w3.org/1999/xhtml" xml:lang="en" lang="en">
 <head>
  <title>
</title>
<meta http-equiv="Content-Type" content="text/html;charset=utf-8" />
  <meta name='ocr-system' content='tesseract 3.04.00' />
  <meta name='ocr-capabilities' content='ocr_page ocr_carea ocr_par ocr_line ocrx_word'/>
</head>
<body>
  <div class='ocr_page' id='page_1' title='image "./operasupplement03tacigoog_0132.png"; bbox 0 0 2274 3886; ppageno 0'>
   <div class='ocr_carea' id='block_1_1' title="bbox 290 203 872 279">
    <p class='ocr_par' dir='ltr' id='par_1_1' title="bbox 290 203 872 279">
     <span class='ocr_line' id='line_1_1' title="bbox 290 203 872 279; baseline 0.005 -3"><span class='ocrx_word' id='word_1_1' title='bbox 290 203 656 276; x_wconf 76' lang='lat' dir='ltr'>Potrrrcn‘.</span> <span class='ocrx_word' id='word_1_2' title='bbox 802 219 872 279; x_wconf 84' lang='lat'>&#39;121</span> 
     </span>
    </p>
   </div>
   <div class='ocr_carea' id='block_1_2' title="bbox 93 319 990 1933">
    <p class='ocr_par' dir='ltr' id='par_1_2' title="bbox 93 319 990 1933">
     <span class='ocr_line' id='line_1_2' title="bbox 94 319 879 424; baseline 0 -25"><span class='ocrx_word' id='word_1_3' title='bbox 94 320 256 401; x_wconf 87' lang='lat' dir='ltr'>laudibus</span> <span class='ocrx_word' id='word_1_4' title='bbox 276 351 319 396; x_wconf 91' lang='lat' dir='ltr'>ue</span> <span class='ocrx_word' id='word_1_5' title='bbox 332 321 520 410; x_wconf 80' lang='lat' dir='ltr'>extollere,</span> <span class='ocrx_word' id='word_1_6' title='bbox 545 347 585 396; x_wconf 92' lang='lat' dir='ltr'>ut</span> <span class='ocrx_word' id='word_1_7' title='bbox 609 325 657 396; x_wconf 90' lang='lat' dir='ltr'>est</span> <span class='ocrx_word' id='word_1_8' title='bbox 677 319 797 424; x_wconf 84' lang='lat' dir='ltr'>vulgus</span> <span class='ocrx_word' id='word_1_9' title='bbox 816 353 879 399; x_wconf 88' lang='lat' dir='ltr'>cu-</span> 
     </span>
     <span class='ocr_line' id='line_1_3' title="bbox 94 351 877 530; baseline 0.001 -32"><span class='ocrx_word' id='word_1_10' title='bbox 94 429 188 530; x_wconf 87' lang='lat' dir='ltr'>piens</span> <span class='ocrx_word' id='word_1_11' title='bbox 209 351 455 527; x_wconf 74' lang='lat' dir='ltr'>voiuptaturn3</span> <span class='ocrx_word' id='word_1_12' title='bbox 482 431 518 497; x_wconf 73' lang='grc' dir='ltr'>δι</span> <span class='ocrx_word' id='word_1_13' title='bbox 534 420 558 494; x_wconf 82' lang='lat' dir='ltr'>st</span> <span class='ocrx_word' id='word_1_14' title='bbox 572 424 699 498; x_wconf 75' lang='lat' dir='ltr'>eodem</span> <span class='ocrx_word' id='word_1_15' title='bbox 717 427 877 528; x_wconf 80' lang='lat' dir='ltr'>Princeps</span> 
     </span>
     <span class='ocr_line' id='line_1_4' title="bbox 94 521 875 628; baseline -0.001 -27"><span class='ocrx_word' id='word_1_16' title='bbox 94 528 226 616; x_wconf 83' lang='lat' dir='ltr'>trahat,</span> <span class='ocrx_word' id='word_1_17' title='bbox 243 525 370 600; x_wconf 86' lang='lat' dir='ltr'>laetum.</span> <span class='ocrx_word' id='word_1_18' title='bbox 391 521 562 600; x_wconf 77' lang='lat' dir='ltr'>Ceterlun</span> <span class='ocrx_word' id='word_1_19' title='bbox 578 525 752 628; x_wconf 86' lang='lat' dir='ltr'>evulgatus</span> <span class='ocrx_word' id='word_1_20' title='bbox 765 528 875 627; x_wconf 89' lang='lat' dir='ltr'>pudor</span> 
     </span>
     <span class='ocr_line' id='line_1_5' title="bbox 94 623 874 722; baseline -0.001 -20"><span class='ocrx_word' id='word_1_21' title='bbox 94 657 164 702; x_wconf 90' lang='lat' dir='ltr'>non</span> <span class='ocrx_word' id='word_1_22' title='bbox 176 627 395 722; x_wconf 74' lang='lat' dir='ltr'>satietatem,</span> <span class='ocrx_word' id='word_1_23' title='bbox 419 649 458 698; x_wconf 91' lang='lat' dir='ltr'>ut</span> <span class='ocrx_word' id='word_1_24' title='bbox 473 623 658 716; x_wconf 85' lang='lat' dir='ltr'>rebantur,</span> <span class='ocrx_word' id='word_1_25' title='bbox 679 626 738 700; x_wconf 90' lang='lat' dir='ltr'>sed</span> <span class='ocrx_word' id='word_1_26' title='bbox 752 627 874 701; x_wconf 82' lang='lat' dir='ltr'>incita-</span> 
     </span>
     <span class='ocr_line' id='line_1_6' title="bbox 93 723 876 826; baseline 0.001 -24"><span class='ocrx_word' id='word_1_27' title='bbox 93 754 254 804; x_wconf 81' lang='lat' dir='ltr'>mentum</span> <span class='ocrx_word' id='word_1_28' title='bbox 271 727 397 802; x_wconf 85' lang='lat' dir='ltr'>attulit.</span> <span class='ocrx_word' id='word_1_29' title='bbox 424 723 600 826; x_wconf 83' lang='lat' dir='ltr'>Ratusque</span> <span class='ocrx_word' id='word_1_30' title='bbox 612 725 762 802; x_wconf 86' lang='lat' dir='ltr'>dedecus</span> <span class='ocrx_word' id='word_1_31' title='bbox 776 758 876 804; x_wconf 89' lang='lat' dir='ltr'>amo-</span> 
     </span>
     <span class='ocr_line' id='line_1_7' title="bbox 97 825 876 931; baseline 0.003 -29"><span class='ocrx_word' id='word_1_32' title='bbox 97 830 177 918; x_wconf 88' lang='lat' dir='ltr'>liri,</span> <span class='ocrx_word' id='word_1_33' title='bbox 200 828 225 901; x_wconf 86' lang='lat' dir='ltr'>st</span> <span class='ocrx_word' id='word_1_34' title='bbox 242 829 352 931; x_wconf 85' lang='lat' dir='ltr'>plures</span> <span class='ocrx_word' id='word_1_35' title='bbox 374 825 558 916; x_wconf 76' lang='lat' dir='ltr'>foedasset,</span> <span class='ocrx_word' id='word_1_36' title='bbox 583 827 754 902; x_wconf 83' lang='lat' dir='ltr'>nobilium</span> <span class='ocrx_word' id='word_1_37' title='bbox 768 827 876 904; x_wconf 83' lang='lat' dir='ltr'>sami-</span> 
     </span>
     <span class='ocr_line' id='line_1_8' title="bbox 98 929 902 1033; baseline 0.006 -31"><span class='ocrx_word' id='word_1_38' title='bbox 98 929 221 1005; x_wconf 85' lang='lat' dir='ltr'>liatum</span> <span class='ocrx_word' id='word_1_39' title='bbox 237 932 412 1033; x_wconf 88' lang='lat' dir='ltr'>posteros,</span> <span class='ocrx_word' id='word_1_40' title='bbox 438 929 583 1030; x_wconf 79' lang='lat' dir='ltr'>egestate</span> <span class='ocrx_word' id='word_1_41' title='bbox 599 929 734 1004; x_wconf 88' lang='lat' dir='ltr'>venales</span> <span class='ocrx_word' id='word_1_42' title='bbox 749 930 786 1005; x_wconf 92' lang='lat' dir='ltr'>in</span> <span class='ocrx_word' id='word_1_43' title='bbox 802 929 875 1007; x_wconf 90' lang='lat' dir='ltr'>sce·</span> <span class='ocrx_word' id='word_1_44' title='bbox 900 963 902 969; x_wconf 93' lang='lat'>·</span> 
     </span>
     <span class='ocr_line' id='line_1_9' title="bbox 100 1025 873 1130; baseline 0.005 -26"><span class='ocrx_word' id='word_1_45' title='bbox 100 1058 179 1105; x_wconf 87' lang='lat' dir='ltr'>nam</span> <span class='ocrx_word' id='word_1_46' title='bbox 197 1031 368 1108; x_wconf 83' lang='lat' dir='ltr'>deduxit:</span> <span class='ocrx_word' id='word_1_47' title='bbox 392 1055 478 1128; x_wconf 88' lang='lat' dir='ltr'>quos</span> <span class='ocrx_word' id='word_1_48' title='bbox 492 1025 565 1102; x_wconf 82' lang='lat' dir='ltr'>sato</span> <span class='ocrx_word' id='word_1_49' title='bbox 578 1028 772 1130; x_wconf 65' lang='lat' dir='ltr'>perfundes</span> <span class='ocrx_word' id='word_1_50' title='bbox 790 1089 800 1122; x_wconf 91' lang='lat'>,</span> <span class='ocrx_word' id='word_1_51' title='bbox 827 1060 873 1108; x_wconf 86' lang='lat' dir='ltr'>ne</span> 
     </span>
     <span class='ocr_line' id='line_1_10' title="bbox 100 1131 874 1231; baseline 0.005 -25"><span class='ocrx_word' id='word_1_52' title='bbox 100 1133 308 1207; x_wconf 85' lang='lat' dir='ltr'>nominatim</span> <span class='ocrx_word' id='word_1_53' title='bbox 338 1131 507 1218; x_wconf 82' lang='lat' dir='ltr'>tradam,</span> <span class='ocrx_word' id='word_1_54' title='bbox 537 1133 722 1231; x_wconf 84' lang='lat' dir='ltr'>majoribus</span> <span class='ocrx_word' id='word_1_55' title='bbox 751 1159 874 1210; x_wconf 88' lang='lat' dir='ltr'>eorum</span> 
     </span>
     <span class='ocr_line' id='line_1_11' title="bbox 101 1232 874 1341; baseline 0.004 -35"><span class='ocrx_word' id='word_1_56' title='bbox 101 1234 323 1310; x_wconf 88' lang='lat' dir='ltr'>tribuendum</span> <span class='ocrx_word' id='word_1_57' title='bbox 339 1257 435 1336; x_wconf 80' lang='lat' dir='ltr'>puto.</span> <span class='ocrx_word' id='word_1_58' title='bbox 462 1232 554 1304; x_wconf 86' lang='lat' dir='ltr'>Nam</span> <span class='ocrx_word' id='word_1_59' title='bbox 570 1241 688 1334; x_wconf 86' lang='lat' dir='ltr'>&amp;ejus</span> <span class='ocrx_word' id='word_1_60' title='bbox 702 1234 874 1341; x_wconf 82' lang='lat' dir='ltr'>flagitium</span> 
     </span>
     <span class='ocr_line' id='line_1_12' title="bbox 99 1329 878 1440; baseline 0.001 -30"><span class='ocrx_word' id='word_1_61' title='bbox 99 1337 163 1426; x_wconf 87' lang='lat' dir='ltr'>est,</span> <span class='ocrx_word' id='word_1_62' title='bbox 172 1337 235 1438; x_wconf 88' lang='lat' dir='ltr'>qui</span> <span class='ocrx_word' id='word_1_63' title='bbox 246 1334 428 1440; x_wconf 85' lang='lat' dir='ltr'>pecuniam</span> <span class='ocrx_word' id='word_1_64' title='bbox 439 1331 485 1405; x_wconf 94' lang='lat' dir='ltr'>ob</span> <span class='ocrx_word' id='word_1_65' title='bbox 495 1329 619 1411; x_wconf 69' lang='lat' dir='ltr'>delicta</span> <span class='ocrx_word' id='word_1_66' title='bbox 630 1334 741 1436; x_wconf 76' lang='lat' dir='ltr'>potius</span> <span class='ocrx_word' id='word_1_67' title='bbox 754 1336 878 1428; x_wconf 77' lang='lat' dir='ltr'>dedit,</span> 
     </span>
     <span class='ocr_line' id='line_1_13' title="bbox 100 1435 874 1539; baseline 0.001 -28"><span class='ocrx_word' id='word_1_68' title='bbox 100 1438 206 1536; x_wconf 76' lang='lat' dir='ltr'>qudm</span> <span class='ocrx_word' id='word_1_69' title='bbox 235 1463 279 1512; x_wconf 86' lang='lat' dir='ltr'>ne</span> <span class='ocrx_word' id='word_1_70' title='bbox 304 1435 555 1536; x_wconf 86' lang='lat' dir='ltr'>delinquerent.</span> <span class='ocrx_word' id='word_1_71' title='bbox 599 1437 710 1510; x_wconf 88' lang='lat' dir='ltr'>Notos</span> <span class='ocrx_word' id='word_1_72' title='bbox 733 1437 874 1539; x_wconf 77' lang='lat' dir='ltr'>quoque</span> 
     </span>
     <span class='ocr_line' id='line_1_14' title="bbox 100 1538 877 1639; baseline -0.001 -28"><span class='ocrx_word' id='word_1_73' title='bbox 100 1540 417 1637; x_wconf 81' lang='lat' dir='ltr'>equitesRomanos</span> <span class='ocrx_word' id='word_1_74' title='bbox 426 1561 545 1636; x_wconf 86' lang='lat' dir='ltr'>operas</span> <span class='ocrx_word' id='word_1_75' title='bbox 556 1560 663 1609; x_wconf 84' lang='lat' dir='ltr'>arenae</span> <span class='ocrx_word' id='word_1_76' title='bbox 672 1538 877 1639; x_wconf 85' lang='lat' dir='ltr'>promittere</span> 
     </span>
     <span class='ocr_line' id='line_1_15' title="bbox 97 1635 990 1740; baseline -0.001 -28"><span class='ocrx_word' id='word_1_77' title='bbox 97 1637 269 1740; x_wconf 84' lang='lat' dir='ltr'>subegit,</span> <span class='ocrx_word' id='word_1_78' title='bbox 307 1635 401 1709; x_wconf 87' lang='lat' dir='ltr'>donis</span> <span class='ocrx_word' id='word_1_79' title='bbox 426 1635 625 1738; x_wconf 86' lang='lat' dir='ltr'>ingentibus</span> <span class='ocrx_word' id='word_1_80' title='bbox 650 1667 671 1708; x_wconf 59' lang='grc' dir='ltr'>ε’</span> <span class='ocrx_word' id='word_1_81' title='bbox 691 1635 753 1710; x_wconf 85' lang='lat' dir='ltr'>nist</span> <span class='ocrx_word' id='word_1_82' title='bbox 780 1637 876 1738; x_wconf 77' lang='lat' dir='ltr'>qudd</span> <span class='ocrx_word' id='word_1_83' title='bbox 989 1647 990 1652; x_wconf 74' lang='grc'>’</span> 
     </span>
     <span class='ocr_line' id='line_1_16' title="bbox 98 1737 875 1840; baseline 0.006 -27"><span class='ocrx_word' id='word_1_84' title='bbox 98 1766 235 1817; x_wconf 85' lang='lat' dir='ltr'>merces</span> <span class='ocrx_word' id='word_1_85' title='bbox 250 1737 293 1812; x_wconf 87' lang='lat' dir='ltr'>ab</span> <span class='ocrx_word' id='word_1_86' title='bbox 309 1764 350 1813; x_wconf 89' lang='lat' dir='ltr'>eo</span> <span class='ocrx_word' id='word_1_87' title='bbox 363 1737 422 1840; x_wconf 91' lang='lat' dir='ltr'>qui</span> <span class='ocrx_word' id='word_1_88' title='bbox 437 1737 557 1836; x_wconf 88' lang='lat' dir='ltr'>jubete</span> <span class='ocrx_word' id='word_1_89' title='bbox 569 1739 699 1838; x_wconf 86' lang='lat' dir='ltr'>potest,</span> <span class='ocrx_word' id='word_1_90' title='bbox 723 1739 795 1816; x_wconf 87' lang='lat' dir='ltr'>vim</span> <span class='ocrx_word' id='word_1_91' title='bbox 809 1766 875 1828; x_wconf 78' lang='lat' dir='ltr'>ne-¹</span> 
     </span>
     <span class='ocr_line' id='line_1_17' title="bbox 97 1836 878 1933; baseline -0.008 -15"><span class='ocrx_word' id='word_1_92' title='bbox 97 1840 255 1918; x_wconf 83' lang='lat' dir='ltr'>cellitatis</span> <span class='ocrx_word' id='word_1_93' title='bbox 269 1836 377 1914; x_wconf 72' lang='lat' dir='ltr'>affert</span> <span class='ocrx_word' id='word_1_94' title='bbox 404 1837 530 1911; x_wconf 81' lang='lat' dir='ltr'>Annal.</span> <span class='ocrx_word' id='word_1_95' title='bbox 545 1839 647 1930; x_wconf 84' lang='lat' dir='ltr'>XlV,</span> <span class='ocrx_word' id='word_1_96' title='bbox 668 1868 722 1933; x_wconf 85' lang='lat'>14.</span> <span class='ocrx_word' id='word_1_97' title='bbox 874 1853 878 1858; x_wconf 86' lang='lat'><em>&#39;</em></span> 
     </span>
    </p>
   </div>
   <div class='ocr_carea' id='block_1_3' title="bbox 99 1987 878 2109">
    <p class='ocr_par' dir='ltr' id='par_1_3' title="bbox 99 1987 878 2109">
     <span class='ocr_line' id='line_1_18' title="bbox 99 1987 878 2109; baseline 0.001 -29"><span class='ocrx_word' id='word_1_98' title='bbox 99 1987 210 2080; x_wconf 86' lang='lat' dir='ltr'>Mox</span> <span class='ocrx_word' id='word_1_99' title='bbox 237 1992 396 2108; x_wconf 65' lang='lat' dir='ltr'>lasciuius</span> <span class='ocrx_word' id='word_1_100' title='bbox 427 1989 564 2079; x_wconf 77' lang='lat' dir='ltr'>Urbem</span> <span class='ocrx_word' id='word_1_101' title='bbox 585 1992 778 2109; x_wconf 81' lang='lat' dir='ltr'>perditum</span> <span class='ocrx_word' id='word_1_102' title='bbox 812 1996 878 2090; x_wconf 61' lang='lat' dir='ltr'>iit,</span> 
     </span>
    </p>
   </div>
   <div class='ocr_carea' id='block_1_4' title="bbox 63 2139 947 3056">
    <p class='ocr_par' dir='ltr' id='par_1_4' title="bbox 63 2139 882 2642">
     <span class='ocr_line' id='line_1_19' title="bbox 63 2139 881 2237; baseline 0.002 -21"><span class='ocrx_word' id='word_1_103' title='bbox 63 2164 67 2170; x_wconf 85' lang='lat'>&#39;</span> <span class='ocrx_word' id='word_1_104' title='bbox 153 2139 300 2217; x_wconf 74' lang='lat' dir='ltr'>instituit</span> <span class='ocrx_word' id='word_1_105' title='bbox 323 2139 424 2216; x_wconf 89' lang='lat' dir='ltr'>ludos</span> <span class='ocrx_word' id='word_1_106' title='bbox 441 2139 659 2218; x_wconf 76' lang='lat' dir='ltr'>Iuvenalium</span> <span class='ocrx_word' id='word_1_107' title='bbox 682 2143 849 2218; x_wconf 87' lang='lat' dir='ltr'>vocabulo</span> <span class='ocrx_word' id='word_1_108' title='bbox 863 2165 881 2237; x_wconf 78' lang='lat'>,⁴</span> 
     </span>
     <span class='ocr_line' id='line_1_20' title="bbox 93 2239 881 2343; baseline -0.011 -22"><span class='ocrx_word' id='word_1_109' title='bbox 93 2243 140 2321; x_wconf 85' lang='lat' dir='ltr'>in</span> <span class='ocrx_word' id='word_1_110' title='bbox 158 2269 245 2343; x_wconf 87' lang='lat' dir='ltr'>quos</span> <span class='ocrx_word' id='word_1_111' title='bbox 262 2241 379 2342; x_wconf 80' lang='lat' dir='ltr'>passim</span> <span class='ocrx_word' id='word_1_112' title='bbox 399 2239 541 2314; x_wconf 79' lang='lat' dir='ltr'>nomina</span> <span class='ocrx_word' id='word_1_113' title='bbox 563 2239 663 2316; x_wconf 84' lang='lat' dir='ltr'>data:</span> <span class='ocrx_word' id='word_1_114' title='bbox 687 2273 757 2317; x_wconf 88' lang='lat' dir='ltr'>non</span> <span class='ocrx_word' id='word_1_115' title='bbox 775 2246 881 2318; x_wconf 81' lang='lat' dir='ltr'>nobi..</span> 
     </span>
     <span class='ocr_line' id='line_1_21' title="bbox 95 2343 879 2442; baseline -0.004 -20"><span class='ocrx_word' id='word_1_116' title='bbox 95 2347 183 2422; x_wconf 86' lang='lat' dir='ltr'>litas</span> <span class='ocrx_word' id='word_1_117' title='bbox 201 2343 384 2442; x_wconf 82' lang='lat' dir='ltr'>cuiquam,</span> <span class='ocrx_word' id='word_1_118' title='bbox 404 2372 474 2417; x_wconf 92' lang='lat' dir='ltr'>non</span> <span class='ocrx_word' id='word_1_119' title='bbox 488 2347 564 2416; x_wconf 76' lang='lat' dir='ltr'>ae&#39;tas</span> <span class='ocrx_word' id='word_1_120' title='bbox 579 2368 635 2418; x_wconf 83' lang='lat' dir='ltr'>aut</span> <span class='ocrx_word' id='word_1_121' title='bbox 649 2345 714 2415; x_wconf 73' lang='lat' dir='ltr'>aui</span> <span class='ocrx_word' id='word_1_122' title='bbox 731 2345 879 2419; x_wconf 87' lang='lat' dir='ltr'>honores</span> 
     </span>
     <span class='ocr_line' id='line_1_22' title="bbox 90 2443 882 2549; baseline -0.005 -26"><span class='ocrx_word' id='word_1_123' title='bbox 90 2445 360 2549; x_wconf 85' lang='lat' dir='ltr'>impedimento</span> <span class='ocrx_word' id='word_1_124' title='bbox 381 2445 567 2546; x_wconf 90' lang='lat' dir='ltr'>quominus</span> <span class='ocrx_word' id='word_1_125' title='bbox 591 2443 698 2516; x_wconf 86' lang='lat' dir='ltr'>Graeci</span> <span class='ocrx_word' id='word_1_126' title='bbox 720 2444 882 2518; x_wconf 87' lang='lat' dir='ltr'>Latinive</span> 
     </span>
     <span class='ocr_line' id='line_1_23' title="bbox 91 2541 882 2642; baseline -0.011 -16"><span class='ocrx_word' id='word_1_127' title='bbox 91 2546 280 2626; x_wconf 88' lang='lat' dir='ltr'>histrionis</span> <span class='ocrx_word' id='word_1_128' title='bbox 307 2572 413 2621; x_wconf 86' lang='lat' dir='ltr'>artem</span> <span class='ocrx_word' id='word_1_129' title='bbox 442 2569 668 2636; x_wconf 82' lang='lat' dir='ltr'>exercerent,</span> <span class='ocrx_word' id='word_1_130' title='bbox 700 2541 803 2642; x_wconf 86' lang='lat' dir='ltr'>usque</span> <span class='ocrx_word' id='word_1_131' title='bbox 837 2543 882 2618; x_wconf 83' lang='lat' dir='ltr'>ad</span> 
     </span>
    </p>

    <p class='ocr_par' dir='ltr' id='par_1_5' title="bbox 81 2642 947 3056">
     <span class='ocr_line' id='line_1_24' title="bbox 124 2642 882 2748; baseline -0.003 -22"><span class='ocrx_word' id='word_1_132' title='bbox 124 2651 217 2727; x_wconf 87' lang='lat' dir='ltr'>estus</span> <span class='ocrx_word' id='word_1_133' title='bbox 237 2646 427 2748; x_wconf 87' lang='lat' dir='ltr'>modosque</span> <span class='ocrx_word' id='word_1_134' title='bbox 448 2647 545 2721; x_wconf 86' lang='lat' dir='ltr'>haud.</span> <span class='ocrx_word' id='word_1_135' title='bbox 561 2642 683 2722; x_wconf 87' lang='lat' dir='ltr'>viriles.</span> <span class='ocrx_word' id='word_1_136' title='bbox 723 2645 820 2742; x_wconf 87' lang='lat' dir='ltr'>Quin</span> <span class='ocrx_word' id='word_1_137' title='bbox 842 2657 882 2724; x_wconf 75' lang='grc' dir='ltr'>δε</span> 
     </span>
     <span class='ocr_line' id='line_1_25' title="bbox 86 2681 885 2848; baseline -0.008 -18"><span class='ocrx_word' id='word_1_138' title='bbox 86 2681 243 2830; x_wconf 52' lang='lat' dir='ltr'>{minat</span> <span class='ocrx_word' id='word_1_139' title='bbox 259 2750 412 2824; x_wconf 86' lang='lat' dir='ltr'>inlustres</span> <span class='ocrx_word' id='word_1_140' title='bbox 430 2745 601 2825; x_wconf 83' lang='lat' dir='ltr'>deformia</span> <span class='ocrx_word' id='word_1_141' title='bbox 621 2746 805 2822; x_wconf 85' lang='lat' dir='ltr'>meditari:</span> <span class='ocrx_word' id='word_1_142' title='bbox 829 2777 885 2848; x_wconf 67' lang='lat' dir='ltr'>eu«</span> 
     </span>
     <span class='ocr_line' id='line_1_26' title="bbox 83 2848 895 2952; baseline 0.001 -26"><span class='ocrx_word' id='word_1_143' title='bbox 83 2857 294 2952; x_wconf 65' lang='lat' dir='ltr'>strudaque</span> <span class='ocrx_word' id='word_1_144' title='bbox 326 2848 419 2952; x_wconf 83' lang='lat' dir='ltr'>apud</span> <span class='ocrx_word' id='word_1_145' title='bbox 448 2877 569 2924; x_wconf 89' lang='lat' dir='ltr'>nemus</span> <span class='ocrx_word' id='word_1_146' title='bbox 596 2907 607 2940; x_wconf 92' lang='lat'>,</span> <span class='ocrx_word' id='word_1_147' title='bbox 644 2849 738 2950; x_wconf 91' lang='lat' dir='ltr'>quod</span> <span class='ocrx_word' id='word_1_148' title='bbox 770 2851 895 2948; x_wconf 53' lang='lat' dir='ltr'>navali„</span> 
     </span>
     <span class='ocr_line' id='line_1_27' title="bbox 81 2945 947 3056; baseline 0.001 -31"><span class='ocrx_word' id='word_1_149' title='bbox 81 2962 222 3056; x_wconf 81' lang='lat' dir='ltr'>stagno</span> <span class='ocrx_word' id='word_1_150' title='bbox 249 2945 492 3052; x_wconf 86' lang='lat' dir='ltr'>circumposuit</span> <span class='ocrx_word' id='word_1_151' title='bbox 512 2951 706 3053; x_wconf 85' lang='lat' dir='ltr'>Augustus,</span> <span class='ocrx_word' id='word_1_152' title='bbox 733 2978 883 3026; x_wconf 81' lang='lat' dir='ltr'>conuen-</span> <span class='ocrx_word' id='word_1_153' title='bbox 943 2989 947 2993; x_wconf 93' lang='lat'><em>·</em></span> 
     </span>
    </p>
   </div>
   <div class='ocr_carea' id='block_1_5' title="bbox 72 3050 884 3259">
    <p class='ocr_par' dir='ltr' id='par_1_6' title="bbox 72 3050 884 3259">
     <span class='ocr_line' id='line_1_28' title="bbox 72 3050 884 3150; baseline -0.016 -10"><span class='ocrx_word' id='word_1_154' title='bbox 72 3055 240 3141; x_wconf 72' lang='lat' dir='ltr'>cicula,</span> <span class='ocrx_word' id='word_1_155' title='bbox 263 3063 299 3127; x_wconf 78' lang='grc' dir='ltr'>δι</span> <span class='ocrx_word' id='word_1_156' title='bbox 317 3077 503 3150; x_wconf 69' lang='lat' dir='ltr'>caupone,</span> <span class='ocrx_word' id='word_1_157' title='bbox 526 3061 562 3126; x_wconf 91' lang='lat'>&amp;</span> <span class='ocrx_word' id='word_1_158' title='bbox 573 3050 678 3150; x_wconf 81' lang='lat' dir='ltr'>posita</span> <span class='ocrx_word' id='word_1_159' title='bbox 693 3078 781 3126; x_wconf 83' lang='lat' dir='ltr'>veno</span> <span class='ocrx_word' id='word_1_160' title='bbox 799 3051 884 3128; x_wconf 80' lang='lat' dir='ltr'>imi-</span> 
     </span>
     <span class='ocr_line' id='line_1_29' title="bbox 209 3152 774 3259; baseline -0.027 -31"><span class='ocrx_word' id='word_1_161' title='bbox 209 3157 246 3228; x_wconf 84' lang='lat' dir='ltr'><em>Y</em></span> <span class='ocrx_word' id='word_1_162' title='bbox 240 3180 307 3227; x_wconf 79' lang='lat' dir='ltr'>om.</span> <span class='ocrx_word' id='word_1_163' title='bbox 323 3157 366 3230; x_wconf 87' lang='lat' dir='ltr'><em>V</em></span> <span class='ocrx_word' id='word_1_164' title='bbox 358 3158 409 3225; x_wconf 88' lang='lat' dir='ltr'>II.</span> <span class='ocrx_word' id='word_1_165' title='bbox 682 3225 686 3231; x_wconf 77' lang='lat'><em>‚</em></span> <span class='ocrx_word' id='word_1_166' title='bbox 710 3152 774 3259; x_wconf 47' lang='lat' dir='ltr'>AF</span> 
     </span>
    </p>
   </div>
   <div class='ocr_carea' id='block_1_6' title="bbox 0 0 1143 3886">
    <p class='ocr_par' dir='ltr' id='par_1_7' title="bbox 0 0 1143 3886">
     <span class='ocr_line' id='line_1_30' title="bbox 0 0 1143 3886; baseline 0 0"><span class='ocrx_word' id='word_1_167' title='bbox 0 0 1143 3886; x_wconf 95' lang='lat' dir='ltr'> </span> 
     </span>
    </p>
   </div>
  </div>
 </body>
</html>
