<?xml version="1.0" encoding="UTF-8"?>
<!DOCTYPE html PUBLIC "-//W3C//DTD XHTML 1.0 Transitional//EN"
    "http://www.w3.org/TR/xhtml1/DTD/xhtml1-transitional.dtd">
<html xmlns="http://www.w3.org/1999/xhtml" xml:lang="en" lang="en">
 <head>
  <title>
</title>
<meta http-equiv="Content-Type" content="text/html;charset=utf-8" />
  <meta name='ocr-system' content='tesseract 3.04.00' />
  <meta name='ocr-capabilities' content='ocr_page ocr_carea ocr_par ocr_line ocrx_word'/>
</head>
<body>
  <div class='ocr_page' id='page_1' title='image "./operasupplement03tacigoog_0029.png"; bbox 0 0 2236 3892; ppageno 0'>
   <div class='ocr_carea' id='block_1_1' title="bbox 184 151 955 410">
    <p class='ocr_par' dir='ltr' id='par_1_1' title="bbox 184 151 955 410">
     <span class='ocr_line' id='line_1_1' title="bbox 184 151 851 251; baseline -0.001 0"><span class='ocrx_word' id='word_1_1' title='bbox 184 151 851 251; x_wconf 67' lang='lat' dir='ltr'>·1&#39;t&#39;C.conannc1rr</span> 
     </span>
     <span class='ocr_line' id='line_1_2' title="bbox 186 291 955 410; baseline 0 -40"><span class='ocrx_word' id='word_1_2' title='bbox 186 294 359 370; x_wconf 83' lang='lat' dir='ltr'>laudando</span> <span class='ocrx_word' id='word_1_3' title='bbox 385 320 590 410; x_wconf 81' lang='lat' dir='ltr'>promptos,</span> <span class='ocrx_word' id='word_1_4' title='bbox 625 305 660 370; x_wconf 92' lang='lat'>&amp;</span> <span class='ocrx_word' id='word_1_5' title='bbox 688 295 878 398; x_wconf 75' lang='lat' dir='ltr'>castigando</span> <span class='ocrx_word' id='word_1_6' title='bbox 902 291 955 372; x_wconf 66' lang='lat' dir='ltr'>sa</span> 
     </span>
    </p>
   </div>
   <div class='ocr_carea' id='block_1_2' title="bbox 132 394 987 1575">
    <p class='ocr_par' dir='ltr' id='par_1_2' title="bbox 132 394 987 1575">
     <span class='ocr_line' id='line_1_3' title="bbox 188 394 987 501; baseline 0.009 -33"><span class='ocrx_word' id='word_1_7' title='bbox 188 422 271 500; x_wconf 85' lang='lat' dir='ltr'>gnes</span> <span class='ocrx_word' id='word_1_8' title='bbox 294 424 304 467; x_wconf 78' lang='lat' dir='ltr'>a</span> <span class='ocrx_word' id='word_1_9' title='bbox 335 395 383 468; x_wconf 87' lang='lat' dir='ltr'>ita</span> <span class='ocrx_word' id='word_1_10' title='bbox 403 397 540 470; x_wconf 77' lang='lat' dir='ltr'>honoris</span> <span class='ocrx_word' id='word_1_11' title='bbox 560 397 732 471; x_wconf 83' lang='lat' dir='ltr'>aemulatio·</span> <span class='ocrx_word' id='word_1_12' title='bbox 749 415 810 501; x_wconf 82' lang='lat' dir='ltr'>pro</span> <span class='ocrx_word' id='word_1_13' title='bbox 824 400 956 474; x_wconf 85' lang='lat' dir='ltr'>neceffi·</span> <span class='ocrx_word' id='word_1_14' title='bbox 984 394 987 408; x_wconf 52' lang='lat'><em>⁵</em></span> 
     </span>
     <span class='ocr_line' id='line_1_4' title="bbox 189 499 954 602; baseline 0.001 -31"><span class='ocrx_word' id='word_1_15' title='bbox 189 521 257 571; x_wconf 84' lang='lat' dir='ltr'>tare</span> <span class='ocrx_word' id='word_1_16' title='bbox 285 521 368 570; x_wconf 75' lang='lat' dir='ltr'>erar.¹</span> <span class='ocrx_word' id='word_1_17' title='bbox 394 499 472 576; x_wconf 80' lang='lat' dir='ltr'>lam</span> <span class='ocrx_word' id='word_1_18' title='bbox 492 501 573 573; x_wconf 75' lang='lat' dir='ltr'>vero</span> <span class='ocrx_word' id='word_1_19' title='bbox 586 499 777 602; x_wconf 84' lang='lat' dir='ltr'>principum</span> <span class='ocrx_word' id='word_1_20' title='bbox 795 501 881 572; x_wconf 86' lang='lat' dir='ltr'>filios</span> <span class='ocrx_word' id='word_1_21' title='bbox 910 500 954 572; x_wconf 83' lang='lat' dir='ltr'>li-</span> 
     </span>
     <span class='ocr_line' id='line_1_5' title="bbox 188 596 978 689; baseline 0.003 -17"><span class='ocrx_word' id='word_1_22' title='bbox 188 596 359 672; x_wconf 83' lang='lat' dir='ltr'>beralibus</span> <span class='ocrx_word' id='word_1_23' title='bbox 393 599 518 676; x_wconf 89' lang='lat' dir='ltr'>artibus</span> <span class='ocrx_word' id='word_1_24' title='bbox 550 601 708 689; x_wconf 91' lang='lat' dir='ltr'>erudire,</span> <span class='ocrx_word' id='word_1_25' title='bbox 748 611 783 675; x_wconf 87' lang='lat'>&amp;</span> <span class='ocrx_word' id='word_1_26' title='bbox 819 601 854 674; x_wconf 91' lang='lat' dir='ltr'>in</span> <span class='ocrx_word' id='word_1_27' title='bbox 879 601 978 675; x_wconf 84' lang='lat' dir='ltr'>enia‘</span> 
     </span>
     <span class='ocr_line' id='line_1_6' title="bbox 132 629 959 794; baseline 0 -18"><span class='ocrx_word' id='word_1_28' title='bbox 132 701 134 708; x_wconf 66' lang='grc'>’</span> <span class='ocrx_word' id='word_1_29' title='bbox 188 701 430 776; x_wconf 83' lang='lat' dir='ltr'>Britannorum</span> <span class='ocrx_word' id='word_1_30' title='bbox 445 700 558 773; x_wconf 89' lang='lat' dir='ltr'>studiis</span> <span class='ocrx_word' id='word_1_31' title='bbox 570 700 749 774; x_wconf 82' lang='lat' dir='ltr'>Gallorum</span> <span class='ocrx_word' id='word_1_32' title='bbox 767 629 959 794; x_wconf 62' lang='lat' dir='ltr'>ameliae,</span> 
     </span>
     <span class='ocr_line' id='line_1_7' title="bbox 189 800 958 900; baseline 0.005 -28"><span class='ocrx_word' id='word_1_33' title='bbox 189 823 228 872; x_wconf 91' lang='lat' dir='ltr'>ut</span> <span class='ocrx_word' id='word_1_34' title='bbox 248 801 308 898; x_wconf 90' lang='lat' dir='ltr'>qui</span> <span class='ocrx_word' id='word_1_35' title='bbox 327 801 433 874; x_wconf 74' lang='lat' dir='ltr'>modo</span> <span class='ocrx_word' id='word_1_36' title='bbox 452 800 604 900; x_wconf 86' lang='lat' dir='ltr'>linguam</span> <span class='ocrx_word' id='word_1_37' title='bbox 619 803 812 874; x_wconf 83' lang='lat' dir='ltr'>Romanam</span> <span class='ocrx_word' id='word_1_38' title='bbox 828 802 958 876; x_wconf 85' lang='lat' dir='ltr'>abnue-</span> 
     </span>
     <span class='ocr_line' id='line_1_8' title="bbox 189 899 960 1003; baseline 0.004 -29"><span class='ocrx_word' id='word_1_39' title='bbox 189 899 296 988; x_wconf 73' lang='lat' dir='ltr'>bant,</span> <span class='ocrx_word' id='word_1_40' title='bbox 313 899 545 999; x_wconf 87' lang='lat' dir='ltr'>eloquentiam</span> <span class='ocrx_word' id='word_1_41' title='bbox 565 899 855 1003; x_wconf 81' lang='lat' dir='ltr'>concupiscerent:</span> <span class='ocrx_word' id='word_1_42' title='bbox 876 901 960 978; x_wconf 85' lang='lat' dir='ltr'>inde</span> 
     </span>
     <span class='ocr_line' id='line_1_9' title="bbox 190 998 960 1100; baseline 0.003 -26"><span class='ocrx_word' id='word_1_43' title='bbox 190 999 296 1074; x_wconf 86' lang='lat' dir='ltr'>eriam</span> <span class='ocrx_word' id='word_1_44' title='bbox 316 998 449 1074; x_wconf 79' lang='lat' dir='ltr'>habitlrs</span> <span class='ocrx_word' id='word_1_45' title='bbox 467 1001 570 1072; x_wconf 91' lang='lat' dir='ltr'>nostri</span> <span class='ocrx_word' id='word_1_46' title='bbox 589 1001 723 1091; x_wconf 88' lang='lat' dir='ltr'>honor,</span> <span class='ocrx_word' id='word_1_47' title='bbox 746 1012 781 1076; x_wconf 76' lang='grc' dir='ltr'>δι</span> <span class='ocrx_word' id='word_1_48' title='bbox 800 999 960 1100; x_wconf 85' lang='lat' dir='ltr'>frequens</span> 
     </span>
     <span class='ocr_line' id='line_1_10' title="bbox 191 1099 960 1202; baseline 0.004 -29"><span class='ocrx_word' id='word_1_49' title='bbox 191 1124 294 1201; x_wconf 87' lang='lat' dir='ltr'>toga:</span> <span class='ocrx_word' id='word_1_50' title='bbox 318 1099 563 1202; x_wconf 84' lang='lat' dir='ltr'>paullatimque</span> <span class='ocrx_word' id='word_1_51' title='bbox 581 1099 758 1176; x_wconf 84' lang='lat' dir='ltr'>dilcelsum</span> <span class='ocrx_word' id='word_1_52' title='bbox 774 1101 818 1175; x_wconf 83' lang='lat' dir='ltr'>ad</span> <span class='ocrx_word' id='word_1_53' title='bbox 835 1100 960 1176; x_wconf 85' lang='lat' dir='ltr'>delini-</span> 
     </span>
     <span class='ocr_line' id='line_1_11' title="bbox 192 1201 959 1306; baseline 0.003 -30"><span class='ocrx_word' id='word_1_54' title='bbox 192 1224 310 1276; x_wconf 80' lang='lat' dir='ltr'>menta</span> <span class='ocrx_word' id='word_1_55' title='bbox 322 1201 506 1297; x_wconf 83' lang='lat' dir='ltr'>vitiorum,</span> <span class='ocrx_word' id='word_1_56' title='bbox 525 1203 692 1306; x_wconf 90' lang='lat' dir='ltr'>porticus,</span> <span class='ocrx_word' id='word_1_57' title='bbox 712 1213 748 1278; x_wconf 90' lang='lat'>&amp;</span> <span class='ocrx_word' id='word_1_58' title='bbox 760 1202 904 1292; x_wconf 84' lang='lat' dir='ltr'>balnea,</span> <span class='ocrx_word' id='word_1_59' title='bbox 922 1213 959 1278; x_wconf 90' lang='lat'>&amp;</span> 
     </span>
     <span class='ocr_line' id='line_1_12' title="bbox 193 1302 959 1430; baseline -0.003 -54"><span class='ocrx_word' id='word_1_60' title='bbox 193 1302 427 1376; x_wconf 85' lang='lat' dir='ltr'>conviviorum</span> <span class='ocrx_word' id='word_1_61' title='bbox 439 1302 644 1404; x_wconf 83' lang='lat' dir='ltr'>elegantiam</span> <span class='ocrx_word' id='word_1_62' title='bbox 655 1304 780 1404; x_wconf 86' lang='lat' dir='ltr'>:idque</span> <span class='ocrx_word' id='word_1_63' title='bbox 791 1303 880 1430; x_wconf 56' lang='lat' dir='ltr'>apud</span> <span class='ocrx_word' id='word_1_64' title='bbox 894 1305 959 1375; x_wconf 91' lang='lat' dir='ltr'>im·</span> 
     </span>
     <span class='ocr_line' id='line_1_13' title="bbox 190 1401 964 1575; baseline 0.006 -101"><span class='ocrx_word' id='word_1_65' title='bbox 190 1402 316 1575; x_wconf 50' lang='lat' dir='ltr'>feritos</span> <span class='ocrx_word' id='word_1_66' title='bbox 336 1401 529 1478; x_wconf 84' lang='lat' dir='ltr'>humanitas</span> <span class='ocrx_word' id='word_1_67' title='bbox 551 1403 761 1494; x_wconf 84' lang='lat' dir='ltr'>vocabatur,</span> <span class='ocrx_word' id='word_1_68' title='bbox 786 1433 865 1479; x_wconf 88' lang='lat' dir='ltr'>cum</span> <span class='ocrx_word' id='word_1_69' title='bbox 888 1429 964 1508; x_wconf 85' lang='lat' dir='ltr'>pars</span> 
     </span>
    </p>
   </div>
   <div class='ocr_carea' id='block_1_3' title="bbox 209 1501 849 1768">
    <p class='ocr_par' dir='ltr' id='par_1_3' title="bbox 209 1501 849 1768">
     <span class='ocr_line' id='line_1_14' title="bbox 209 1501 834 1609; baseline 0.006 -31"><span class='ocrx_word' id='word_1_70' title='bbox 209 1503 360 1580; x_wconf 87' lang='lat' dir='ltr'>ervitutis</span> <span class='ocrx_word' id='word_1_71' title='bbox 382 1501 475 1580; x_wconf 82' lang='lat' dir='ltr'>effer.</span> <span class='ocrx_word' id='word_1_72' title='bbox 503 1505 579 1583; x_wconf 91' lang='lat' dir='ltr'>Vit.</span> <span class='ocrx_word' id='word_1_73' title='bbox 598 1506 715 1609; x_wconf 85' lang='lat' dir='ltr'>Agric.</span> <span class='ocrx_word' id='word_1_74' title='bbox 734 1507 834 1582; x_wconf 88' lang='lat' dir='ltr'><strong>XXI.</strong></span> 
     </span>
     <span class='ocr_line' id='line_1_15' title="bbox 314 1612 849 1768; baseline -0.006 -25"><span class='ocrx_word' id='word_1_75' title='bbox 314 1655 503 1742; x_wconf 85' lang='lat' dir='ltr'>Urebatur</span> <span class='ocrx_word' id='word_1_76' title='bbox 523 1659 567 1738; x_wconf 64' lang='grc' dir='ltr'>δ’</span> <span class='ocrx_word' id='word_1_77' title='bbox 589 1612 849 1768; x_wconf 75' lang='lat' dir='ltr'>religionibus,</span> 
     </span>
    </p>
   </div>
   <div class='ocr_carea' id='block_1_4' title="bbox 194 1798 1105 2276">
    <p class='ocr_par' dir='ltr' id='par_1_4' title="bbox 194 1798 1105 2276">
     <span class='ocr_line' id='line_1_16' title="bbox 249 1798 963 1901; baseline 0.007 -27"><span class='ocrx_word' id='word_1_78' title='bbox 249 1807 292 1874; x_wconf 81' lang='lat' dir='ltr'>In</span> <span class='ocrx_word' id='word_1_79' title='bbox 308 1804 489 1874; x_wconf 64' lang='lat' dir='ltr'>Britannici</span> <span class='ocrx_word' id='word_1_80' title='bbox 515 1798 683 1901; x_wconf 87' lang='lat' dir='ltr'>templum</span> <span class='ocrx_word' id='word_1_81' title='bbox 705 1799 786 1873; x_wconf 91' lang='lat' dir='ltr'>divo</span> <span class='ocrx_word' id='word_1_82' title='bbox 811 1799 963 1880; x_wconf 81' lang='lat' dir='ltr'>Claudio</span> 
     </span>
     <span class='ocr_line' id='line_1_17' title="bbox 194 1897 964 1999; baseline 0.001 -23"><span class='ocrx_word' id='word_1_83' title='bbox 194 1900 440 1988; x_wconf 69' lang='lat' dir='ltr'>constitutum,</span> <span class='ocrx_word' id='word_1_84' title='bbox 468 1897 559 1999; x_wconf 84' lang='lat' dir='ltr'>quali</span> <span class='ocrx_word' id='word_1_85' title='bbox 577 1926 634 1974; x_wconf 87' lang='lat' dir='ltr'>arx</span> <span class='ocrx_word' id='word_1_86' title='bbox 653 1925 781 1974; x_wconf 80' lang='lat' dir='ltr'>aeternae</span> <span class='ocrx_word' id='word_1_87' title='bbox 802 1900 964 1977; x_wconf 82' lang='lat' dir='ltr'>domina-</span> 
     </span>
     <span class='ocr_line' id='line_1_18' title="bbox 197 1997 1105 2101; baseline 0.004 -25"><span class='ocrx_word' id='word_1_88' title='bbox 197 2000 298 2076; x_wconf 91' lang='lat' dir='ltr'>tionis</span> <span class='ocrx_word' id='word_1_89' title='bbox 310 1997 685 2101; x_wconf 75' lang='lat' dir='ltr'>aspiciebatur3dele6li</span> <span class='ocrx_word' id='word_1_90' title='bbox 712 2029 752 2076; x_wconf 89' lang='lat' dir='ltr'>ue</span> <span class='ocrx_word' id='word_1_91' title='bbox 763 1998 967 2094; x_wconf 48' lang='lat' dir='ltr'>sacerdotes</span> <span class='ocrx_word' id='word_1_92' title='bbox 1018 2004 1024 2012; x_wconf 71' lang='grc'><em>“</em></span> <span class='ocrx_word' id='word_1_93' title='bbox 1104 1999 1105 2050; x_wconf 61' lang='lat'>³</span> 
     </span>
     <span class='ocr_line' id='line_1_19' title="bbox 195 2029 971 2276; baseline 0.012 -107"><span class='ocrx_word' id='word_1_94' title='bbox 195 2099 304 2276; x_wconf 56' lang='lat' dir='ltr'>{fecie</span> <span class='ocrx_word' id='word_1_95' title='bbox 326 2098 523 2200; x_wconf 84' lang='lat' dir='ltr'>religionis,</span> <span class='ocrx_word' id='word_1_96' title='bbox 549 2129 669 2176; x_wconf 89' lang='lat' dir='ltr'>omnes</span> <span class='ocrx_word' id='word_1_97' title='bbox 685 2029 836 2182; x_wconf 62' lang='lat' dir='ltr'>iortunas</span> <span class='ocrx_word' id='word_1_98' title='bbox 853 2100 971 2189; x_wconf 62' lang='lat' dir='ltr'>elluo-7</span> 
     </span>
    </p>
   </div>
   <div class='ocr_carea' id='block_1_5' title="bbox 223 2197 766 2472">
    <p class='ocr_par' dir='ltr' id='par_1_5' title="bbox 223 2197 766 2472">
     <span class='ocr_line' id='line_1_20' title="bbox 223 2197 676 2299; baseline 0.004 -25"><span class='ocrx_word' id='word_1_99' title='bbox 223 2197 335 2276; x_wconf 84' lang='lat' dir='ltr'>ebant.</span> <span class='ocrx_word' id='word_1_100' title='bbox 356 2200 483 2276; x_wconf 83' lang='lat' dir='ltr'>Annal.</span> <span class='ocrx_word' id='word_1_101' title='bbox 500 2201 601 2291; x_wconf 89' lang='lat' dir='ltr'>XIV,</span> <span class='ocrx_word' id='word_1_102' title='bbox 621 2231 676 2299; x_wconf 71' lang='grc' dir='ltr'>μ.</span> 
     </span>
     <span class='ocr_line' id='line_1_21' title="bbox 411 2342 766 2472; baseline 0.017 -35"><span class='ocrx_word' id='word_1_103' title='bbox 411 2342 586 2470; x_wconf 79' lang='lat' dir='ltr'>Regibus</span> <span class='ocrx_word' id='word_1_104' title='bbox 612 2383 766 2472; x_wconf 82' lang='lat' dir='ltr'>quoque.</span> 
     </span>
    </p>
   </div>
   <div class='ocr_carea' id='block_1_6' title="bbox 197 2501 969 2808">
    <p class='ocr_par' dir='ltr' id='par_1_6' title="bbox 197 2501 969 2808">
     <span class='ocr_line' id='line_1_22' title="bbox 252 2501 968 2622; baseline 0.01 -44"><span class='ocrx_word' id='word_1_105' title='bbox 252 2501 363 2616; x_wconf 77' lang='lat' dir='ltr'>Vetus</span> <span class='ocrx_word' id='word_1_106' title='bbox 384 2529 423 2574; x_wconf 86' lang='lat' dir='ltr'>ac</span> <span class='ocrx_word' id='word_1_107' title='bbox 443 2510 513 2596; x_wconf 88' lang='lat' dir='ltr'>jam</span> <span class='ocrx_word' id='word_1_108' title='bbox 535 2502 671 2604; x_wconf 86' lang='lat' dir='ltr'>pridem</span> <span class='ocrx_word' id='word_1_109' title='bbox 693 2531 827 2608; x_wconf 82' lang='lat' dir='ltr'>recepta</span> <span class='ocrx_word' id='word_1_110' title='bbox 848 2508 968 2622; x_wconf 72' lang='lat' dir='ltr'>populi</span> 
     </span>
     <span class='ocr_line' id='line_1_23' title="bbox 197 2600 967 2688; baseline 0.013 -13"><span class='ocrx_word' id='word_1_111' title='bbox 197 2601 349 2676; x_wconf 85' lang='lat' dir='ltr'>Romam</span> <span class='ocrx_word' id='word_1_112' title='bbox 366 2600 600 2688; x_wconf 87' lang='lat' dir='ltr'>consuetudo,</span> <span class='ocrx_word' id='word_1_113' title='bbox 626 2605 824 2678; x_wconf 71' lang='lat' dir='ltr'>ur&#39;haberet</span> <span class='ocrx_word' id='word_1_114' title='bbox 845 2613 967 2684; x_wconf 86' lang='lat' dir='ltr'>rnstru-</span> 
     </span>
     <span class='ocr_line' id='line_1_24' title="bbox 199 2696 969 2808; baseline 0.016 -34"><span class='ocrx_word' id='word_1_115' title='bbox 199 2723 316 2774; x_wconf 86' lang='lat' dir='ltr'>menta</span> <span class='ocrx_word' id='word_1_116' title='bbox 324 2696 652 2800; x_wconf 85' lang='lat' dir='ltr'>servituris&amp;reges.</span> <span class='ocrx_word' id='word_1_117' title='bbox 660 2703 859 2808; x_wconf 86' lang='lat' dir='ltr'>Vit.Agric.</span> <span class='ocrx_word' id='word_1_118' title='bbox 867 2711 969 2788; x_wconf 84' lang='lat' dir='ltr'><strong>XIV.</strong></span> 
     </span>
    </p>
   </div>
   <div class='ocr_carea' id='block_1_7' title="bbox 201 2846 1090 3218">
    <p class='ocr_par' dir='ltr' id='par_1_7' title="bbox 201 2846 1090 3218">
     <span class='ocr_line' id='line_1_25' title="bbox 201 2846 967 2964; baseline 0.012 -28"><span class='ocrx_word' id='word_1_119' title='bbox 201 2846 321 2937; x_wconf 71' lang='lat' dir='ltr'>lodis</span> <span class='ocrx_word' id='word_1_120' title='bbox 356 2849 526 2934; x_wconf 86' lang='lat' dir='ltr'>odiorum</span> <span class='ocrx_word' id='word_1_121' title='bbox 546 2849 760 2964; x_wconf 73' lang='lat' dir='ltr'>fininibus</span> <span class='ocrx_word' id='word_1_122' title='bbox 794 2858 967 2955; x_wconf 52' lang='lat' dir='ltr'>contiueff</span> 
     </span>
     <span class='ocr_line' id='line_1_26' title="bbox 314 2963 1090 3083; baseline 0.013 -36"><span class='ocrx_word' id='word_1_123' title='bbox 314 2963 455 3054; x_wconf 82' lang='lat' dir='ltr'>bantur</span> <span class='ocrx_word' id='word_1_124' title='bbox 484 2963 682 3081; x_wconf 81' lang='lat' dir='ltr'>longinqui</span> <span class='ocrx_word' id='word_1_125' title='bbox 701 2970 853 3083; x_wconf 82' lang='lat' dir='ltr'>populi.</span> <span class='ocrx_word' id='word_1_126' title='bbox 1076 2967 1090 2981; x_wconf 60' lang='grc'><em>”</em></span> 
     </span>
     <span class='ocr_line' id='line_1_27' title="bbox 255 3105 977 3218; baseline 0.014 -40"><span class='ocrx_word' id='word_1_127' title='bbox 255 3105 391 3180; x_wconf 80' lang='lat' dir='ltr'>Semina</span> <span class='ocrx_word' id='word_1_128' title='bbox 415 3109 520 3184; x_wconf 79' lang='lat' dir='ltr'>etiam</span> <span class='ocrx_word' id='word_1_129' title='bbox 542 3107 906 3218; x_wconf 65' lang='lat' dir='ltr'>odiorumjacienda,</span> <span class='ocrx_word' id='word_1_130' title='bbox 929 3138 977 3215; x_wconf 62' lang='lat' dir='ltr'>ur</span> 
     </span>
    </p>
   </div>
   <div class='ocr_carea' id='block_1_8' title="bbox 0 0 1144 3892">
    <p class='ocr_par' dir='ltr' id='par_1_8' title="bbox 0 0 1144 3892">
     <span class='ocr_line' id='line_1_28' title="bbox 0 0 1144 3892; baseline 0 0"><span class='ocrx_word' id='word_1_131' title='bbox 0 0 1144 3892; x_wconf 95' lang='lat' dir='ltr'> </span> 
     </span>
    </p>
   </div>
  </div>
 </body>
</html>
